2730 4830
436 281 773 402 PHILQCTETES‘.
1060 288 1122 354 aar

85 453 154 514 sicis
174 455 314 538 conligas,
336 457 452 536 letoque
465 457 561 518 dabis:
583 465 648 518 tum
666 455 786 532 Trojam
810 447 943 523 vastabis,
962 453 1123 534 spoliaque,
1224 439 1226 446 ’

83 551 145 612 quae
158 535 221 602 tibi,
234 545 269 594 ut
281 537 438 596 fortissimo
450 539 601 604 exercitus,
615 539 721 596 eximia
733 535 892 603 dabuntur,
905 544 987 593 tuam
1000 533 1123 592 domum

79 613 179 671 mittes
188 615 304 674 Poeanti
316 617 401 692 patri,
415 616 451 674 ad
464 618 565 693 patriae
578 618 657 675 OEtae
669 610 815 687 subjectos
824 631 957 690 campos..
967 613 1041 674 Quas
1053 629 1122 670 vero
1143 611 1221 672 1430

79 699 114 748 tu
125 693 236 768 ceperis
248 695 340 769 spolia
349 697 405 752 hoc
416 693 454 752 ab
466 697 604 759 exercitu,
618 696 789 772 sagittarum
798 711 930 754 mearum
941 693 1122 750 monimenta

73 769 116 828 ad
128 788 226 830 meum
240 789 346 850 rogum
358 773 437 833 affer.
456 773 566 851 Teque,
576 775 696 832 Achillis
705 773 756 836 fili,
766 773 828 830 haec
840 788 963 830 moneo:
978 787 1032 828 nec
1041 771 1120 829 eninr

75 855 115 905 tn
126 850 189 907 sine
201 852 258 910 isto
270 852 347 908 vales
358 849 479 925 Trojam
492 871 669 930 expugnare,
687 869 741 912 nec
753 852 807 908 iste
820 851 933 920 sinete.
972 847 1039 926 Ego
1052 867 1120 907 vero
1141 847 1217 900 1485

73 927 288 1004 AEsculapium,
312 931 362 1007 qui
383 939 413 988 te
432 932 535 989 morbo
554 933 665 994 liberet,
689 931 804 988 mittam
826 929 863 986 ad
885 930 989 987 llium:
1011 929 1120 988 iterum

73 1007 159 1064 enim
171 1007 242 1066 illud
255 1010 326 1066 meis
338 1009 451 1086 sagittis
463 1012 525 1087 capi
539 1010 625 1070 fatale
638 1019 690 1067 est.
732 1007 798 1065 Hoc
809 1016 908 1066 autem
918 1008 1117 1074 memineritis,
1140 1005 1218 1060 1440
1270 1037 1294 1080 p

71 1102 168 1161 quum
180 1087 285 1162 urbem
295 1088 449 1151 vastabitis,
464 1100 497 1148 ut
510 1090 648 1164 pietatem
661 1105 732 1164 erga
740 1086 819 1146 Deos
828 1087 928 1156 colatis
936 1111 945 1158 3
960 1087 1028 1144 lruic
1038 1087 1118 1143 enim

70 1163 133 1221 alia
146 1164 245 1224 omnia
261 1168 421 1241 posteriora
443 1167 523 1226 ducit
542 1175 625 1244 pater
644 1167 767 1242 Jupiter.
806 1165 922 1241 Quippe
935 1167 1026 1241 pietas
1039 1164 1118 1222 haud

49 1253 136 1300 ¹una
157 1261 223 1302 curn
241 1245 407 1306 hominibus
429 1245 550 1318 occidit3
572 1246 632 1316 sed,
653 1264 704 1304 seu
724 1247 832 1312 vivant,
849 1261 901 1302 seu
921 1245 1031 1304 mortui
1046 1245 1134 1312 sint„

71 1337 228 1396 nunquam
242 1325 327 1399 perit.

114 1399 223 1459 PHlL.
243 1401 271 1459 Ο
284 1405 336 1480 qui
346 1421 445 1462 vocem
458 1410 587 1479 optatam
601 1404 674 1462 mihi
682 1402 794 1468 misisti,
804 1401 951 1480 longoque
963 1411 1030 1480 post
1040 1409 1115 1464 tem·
1136 1410 1212 1466 1445
1301 1457 1305 1467 s

10 1541 11 1544 Ἴ
32 1499 34 1502 ·
69 1495 146 1556 pore
158 1481 392 1556 conspiciendum
406 1490 436 1539 te
448 1482 561 1548 dedisti,
575 1484 633 1540 tuis
647 1483 731 1539 dictis
744 1481 894 1558 obsequar.

113 1557 258 1618 NsoPr.
281 1559 364 1626 Huic!
374 1579 488 1638 quoque
500 1579 557 1638 ego
569 1562 689 1618 consilio
702 1560 850 1619 assentior.
1223 1609 1228 1628 ,
1324 1629 1331 1642 ι

113 1635 236 1695 HERC.
258 1638 306 1702 Ne
318 1639 504 1718 lpngasergo
518 1641 624 1697 nectite
635 1635 755 1710 ‘moras3
778 1645 864 1715 urget
883 1635 963 1698 eninr
976 1647 1114 1718 opportu·
1134 1645 1212 1703 1450

69 1733 150 1782 num
163 1699 904 1798 navigaffiirinpns,.snrgenstineipuppipattn's'.
955 1747 958 1756 ·

35 1793 42 1807 '
112 1793 221 1854 PHlL.
240 1797 305 1874 Age
328 1814 400 1876 ergo
420 1797 577 1874 procedens
599 1807 706 1856 terram
725 1798 799 1854 hanc
812 1795 950 1853 salutabo
990 1797 1115 1866 Valeo
1203 1861 1206 1868 ,

67 1879 193 1941 tectum,
205 1893 270 1932 mea
282 1877 421 1942 custodia,
436 1876 634 1953 Nymphaeque
647 1875 762 1952 irriguis
776 1876 806 1931 in
819 1877 909 1952 pratis
921 1874 1070 1954 degentes,
1082 1885 1114 1936 ct
1136 1881 1210 1940 1455

7 1961 11 1971 “
66 1953 171 2030 fragor
186 1954 341 2012 vehemens
359 1956 502 2013 illisorum
521 1955 836 2036 fluctuumiupijsppe
850 1971 966 2036 ¹meum,
981 1957 1112 2030 pulsante

68 2041 155 2098 not03
163 2039 252 2108 caput
259 2034 371 2090 maduit
381 2035 412 2091 in
422 2035 499 2092 antri
513 2051 625 2091 recessu
632 2057 641 2104 3
656 2051 730 2108 saepe
739 2040 768 2089 et
778 2029 854 2088 vocis
863 2049 948 2089 mons
956 2031 1113 2092 Hennaeus

65 2128 270 2185 repercussum
294 2113 438 2188 gemitum
461 2109 573 2190 remisit
596 2113 691 2186 mihi„
706 2111 800 2186 morbi
820 2110 967 2190 doloribus
991 2113 1111 2188 agitato.
1133 2115 1209 2172 1460

67 2188 160 2262 Nunc
172 2208 232 2264 vos,
245 2191 265 2248 d
276 2191 371 2248 fontes
393 2191 565 2269 lupinosque
585 2198 682 2266 potus,
704 2191 902 2266 relinquimus,
919 2190 1122 2274 relinquimus(

62 2263 141 2342 jam,
156 2268 232 2346 quod
253 2269 295 2326 ita
314 2270 376 2328 fore
390 2288 539 2347 nunquam
557 2279 643 2328 antea
661 2268 852 2344 speravimusr
887 2266 960 2326 Vale
973 2269 992 2326 d
1005 2269 1111 2332 Lemni

65 2357 149 2405 terra
161 2348 235 2405 mari
247 2350 351 2415 cincta,
365 2355 469 2426 meque
481 2348 607 2408 secundo
619 2367 707 2406 cursu
720 2347 833 2405 dimitte
851 2345 1038 2416 incolumem,
1052 2368 1110 2426 quo
1132 2351 1207 2416 1465

65 2433 174 2503 potens
191 2426 384 2499 idtunmfe'rti
395 2429 855 2506 ,sentcntiaqp‘orumicoruan
869 2427 969 2486 omnia
990 2427 1112 2488 domans
1198 2481 1199 2484 ,

64 2505 153 2572 Deus
166 2506 217 2582 qui
230 2507 292 2564 lraec
303 2507 519 2582 comprobavit.¹
722 2539 723 2542 ¹
932 2573 934 2580 ,

108 2583 182 2650 eli·
196 2585 340 2643 Abeamus
352 2603 424 2663 ergo
437 2604 542 2648 omnes
555 2586 661 2655 nihili!
670 2583 826 2666 Nymphon
840 2588 967 2650 marinas
989 2588 1110 2672 precati,
1129 2588 1208 2664 ,1479

60 2667 103 2738 ‘nt
115 2662 226 2726 rodino
237 2664 402 2724 servatrices
416 2665 519 2726 adsint.
546 2743 564 2800 q
961 2681 962 2684 ’

523 2745 851 2804 '·‘l11.}·-'!l·t.'l‘*
