2716 4830
463 195 801 316 mnrrusaux}
884 305 889 316 .
1098 217 1146 332 01
1208 241 1210 246 ’
1301 229 1304 236 ‘

138 415 208 486 cu.
231 416 413 496 unapars
426 419 594 482 urceum.
631 422 720 502 ouon
733 419 884 502 questu,
897 422 928 482 u
941 421 1217 488 ravennatum
1255 409 1257 418 '

112 496 260 574 ¹ttsffugit,
274 499 352 575 quod
366 499 534 576 negligitur.
738 497 771 576 f
817 523 818 526 ¹

155 575 237 633 Olli).
258 577 316 633 Sed
327 579 374 636 dic
387 579 468 640 mihi,
483 585 581 638 utrum
595 573 628 637 in
639 578 721 648 urbe,
731 581 847 646 anruri,
861 597 900 638 an
912 599 981 640 vero
991 589 1148 662 peregrina

126 652 268 730 inregione
280 655 370 713 Laius
383 657 553 715 interfectus
565 659 663 716 fuerit.
1080 667 1108 678 ’“

86 747 88 752 ·
154 733 205 789 Ch
226 734 386 802 Profectus,
401 735 437 794 ad
450 737 659 796 consulendum
680 737 840 806 oraculum,
853 745 890 800 ut
905 737 1212 807 aiebat,domumll5
1310 803 1313 818 ,

124 811 227 885 emplius
240 831 301 870 non
314 814 410 880 rediit,
424 833 460 873 ex
473 833 531 892 quo
544 817 615 874 abiit
626 815 725 874 semel.
750 846 755 852 -
822 871 828 890 ,

151 889 233 948 0111).
254 892 319 950 Nec
341 895 461 950 nuntius
487 895 638 971 quispiam,
661 913 715 952 nec
737 911 834 954 comes
854 896 965 954 itineris
984 902 1144 976 conspexit,

32 986 33 989 ¹
97 1013 103 1040 Ι.
123 967 181 1024 unde
191 970 296 1046 aliquis
308 973 381 1036 rem,
395 974 438 1029 uti
451 981 536 1048 gesta
547 981 601 1040 est,
615 975 704 1053 possit
717 975 885 1052 exquirere?

150 1045 203 1106 CR.
223 1049 341 1107 Periere
361 1069 461 1108 omnes
479 1059 699 1126 praeterunum,
714 1055 921 1131 nescioquem,
935 1054 984 1130 qui
997 1063 1079 1114 metu
1092 1076 1144 1116 au·
1174 1111 1176 1120 ,

121 1120 187 1202 fugit,
201 1146 324 1204 quaeque
337 1130 416 1197 vidit,
430 1149 533 1188 eorum
546 1131 620 1188 nihil
633 1132 688 1188 nisi
700 1147 793 1188 unum
806 1133 914 1190 referre
927 1135 1032 1208 potuit.
1145 1143 1147 1148 '
1300 1183 1302 1188 .

130 1279 135 1294 ⁹
149 1205 234 1262 OED·
254 1207 403 1268 Quidnam
415 1208 445 1266 id
458 1211 523 1267 est?
564 1210 612 1266 Ex
624 1227 685 1266 uno
697 1209 777 1267 enim
791 1211 884 1270 multa
896 1211 1064 1290 investigari
1076 1215 1212 1292 pos-120

118 1291 170 1348 nut,
181 1285 203 1356 si
218 1301 340 1359 parvum
354 1288 474 1346 initium
487 1288 549 1363 spei
562 1289 721 1364 capiamus.

22 1381 37 1433 g
146 1361 199 1421 cu
219 1351 386 1423 Latron'um
398 1367 439 1425 ait
453 1370 609 1424 occurrisse
623 1367 747 1426 validam
766 1385 898 1434 manum,
911 1359 1075 1448 horumque
1087 1388 1143 1430 nu·

118 1455 183 1514 nero
195 1460 365 1520 oppressrun
378 1447 505 1522 periisse.
1306 1515 1308 1524 ,

20 1517 29 1588 l
146 1519 231 1580 OED.
246 1523 1142 1603 Sedlatr0,nisioblatoab.aliquocivepraemioincitatus‘fu.
1255 1577 1259 1592 ,
1308 1523 1321 1556 '

115 1600 241 1678 ssetsqut
254 1619 290 1658 eo
303 1605 485 1676 processisset
498 1604 648 1662 aructat
1097 1619 1100 1624 ’
1151 1607 1207 1664 1115

13 1735 15 1748 ,
145 1678 199 1738 CR.
220 1679 268 1737 Sic
280 1688 343 1740 erat
355 1684 497 1758 suspicio:
519 1682 569 1740 sed
582 1682 657 1740 Laio
672 1684 801 1742 extincto
821 1683 918 1742 nullus
931 1683 962 1742 in
982 1684 1065 1744 malis
1078 1686 1140 1756 vius

13 1751 16 1820 l
112 1747 158 1812 dex
169 1768 287 1816 exortus
299 1767 352 1816 est.
436 1816 438 1826 ,
575 1776 582 1782 ·’
695 1819 697 1828 χ
1115 1767 1116 1772 ’
1213 1827 1214 1830 ¹
1343 1799 1345 1808 ι

13 1889 14 1894 ,
106 1903 114 1918 .
142 1837 229 1896 OED.
249 1838 328 1955 §inid
347 1857 415 1897 vero
435 1841 505 1898 mali
524 1839 647 1909 obstitit,
661 1859 731 1918 rege
750 1841 992 1920 sichipterempto,
1005 1839 1141 1904 nefficret
1312 1855 1317 1870 ¹

103 1916 263 1991 mqutsttio.

51 2067 52 2072 η
137 1994 195 2053 Cli.
217 1995 359 2071 Perplexa
370 2003 448 2054 vates
462 1998 583 2074 Sphinx,
597 2017 661 2078 quae
674 1999 842 2076 antepedes
855 2005 949 2068 erant,
963 1999 1075 2058 omissis
1092 1999 1207 2060 inlito

97 2075 191 2138 cenis,
206 2074 349 2150 dispicere
362 2091 414 2133 nos
428 2076 535 2154 adegit.
620 2087 621 2094 ’
732 2134 735 2140 .
785 2079 786 2082 ’
1207 2111 1209 2116 -

131 2153 224 2212 OED.
245 2155 285 2212 At
295 2153 332 2210 ab
341 2156 425 2235 initio
438 2156 499 2212 haec
512 2173 568 2234 ego
581 2157 706 2232 repetita
719 2155 904 2230 proferamin
914 2156 1018 2214 lucem.
1039 2155 1139 2236 Digne

17 2289 20 2298 ,
88 2233 177 2290 enim,
192 2233 412 2309 Apollordigne
432 2234 522 2292 etiam
540 2243 573 2292 tu
594 2252 647 2311 pro
659 2243 777 2292 mortuo
790 2252 862 2310 rege
875 2237 1064 2292 curam-hane
1076 2255 1138 2292 sus·

82 2313 216 2386 cepistis.
244 2313 396 2374 Quocirca
410 2332 458 2370 me
472 2331 586 2392 quoque
598 2310 764 2386 adjutorem
775 2309 888 2386 justum
902 2313 1043 2378 videbitis,
1057 2315 1214 2374 urbis185⁸

80 2376 191 2462 hujus,
204 2392 352 2468 divinique
364 2393 451 2449 simul
463 2395 572 2451 oraculi
587 2404 844 2472 propugnatorem.
866 2392 937 2462 Non
950 2395 1029 2450 enirn
1042 2411 1138 2452 remo-

76 2468 377 2528 tiorum'amic'orum
388 2473 494 2547 gratia,
507 2473 558 2530 sed
576 2480 691 2547 meapte
710 2489 796 2530 causa
813 2472 868 2528 hoc
881 2471 1022 2530 amovebo
1035 2474 1136 2531 scelus.

75 2543 267 2626 Quicunque
287 2551 366 2606 enim
386 2551 471 2609 illum
491 2550 606 2618 occidit,
619 2553 778 2624 forsitanjs
791 2551 893 2608 eadem
912 2549 1032 2608 audacia
1039 2552 1080 2626 ¹in
1088 2571 1136 2608 me
1148 2554 1206 2610 140

71 2639 280 2702 grassaretur.
320 2627 367 2686 Illi
391 2647 463 2708 ergo
487 2629 559 2687 dum
585 2631 724 2705 opitulor,
748 2631 902 2705 mihiipsi
929 2647 1056 2705 prosum.
1097 2631 1149 2704 At,

31 2732 34 2737 ⁸
75 2721 178 2788 quam
200 2709 351 2766 celerrime
364 2727 413 2766 vos
427 2709 543 2785 quidem
561 2711 643 2784 pueri
656 2728 672 2765 e
683 2709 798 2766 sedibus
817 2710 938 2786 surgite,
951 2709 1071 2767 sublatis
1082 2710 1137 2782 ,his
1158 2705 1161 2712 ’
1179 2735 1181 2742 ·
1202 2759 1203 2763 ,
1304 2716 1310 2724 '

71 2787 268 2862 supplicibus
281 2788 387 2846 ramis:
410 2787 512 2846 Cadmi
525 2805 593 2845 vero
606 2789 746 2864 populum
760 2791 817 2845 huc
829 2789 861 2846 iu
870 2789 1040 2846 concionem
1055 2798 1147 2856 vocet,
1190 2843 1192 2854 ,

71 2867 204 2942 aliquis.
242 2866 359 2942 Quippe
379 2867 479 2941 omnia
494 2867 645 2943 experiar:
667 2867 733 2936 Deo
746 2867 825 2926 cuim
845 2869 960 2943 auspice
973 2876 1025 2924 aut
1037 2867 1135 2924 felices
1147 2869 1203 2922 145

71 2945 209 3007 erimus,
221 2953 273 3002 aut
285 2963 401 3020 pessum
413 2945 527 3004 ibimus.
826 2950 827 2958 ’
1212 2951 1213 2954 ’

15 3077 16 3080 ,
112 3024 211 3082 ·SAC.
232 3024 400 3100 surgamus,
414 3024 433 3081 b
445 3026 543 3100 pueri:
566 3025 673 3082 horum
689 3025 799 3083 etenim
817 3039 905 3096 causa
921 3025 979 3081 hue
991 3025 1135 3092 venimus,

73 3121 155 3180 quae
164 3101 218 3158 'hic
231 3103 337 3164 edicta
366 3103 429 3164 Qui,
438 3121 507 3174 vero
519 3103 571 3160 has
583 3113 675 3160 sortes
688 3103 768 3162 misit
777 3103 893 3179 Apollo,
907 3104 994 3162 simul
1005 3099 1135 3162 'servator
1146 3105 1203 3159 150

19 3215 21 3228 ‹
72 3183 173 3240 mobis
186 3181 272 3248 adsit,
286 3181 481 3259 morbumque
494 3181 627 3258 depellat.
855 3177 858 3182 ’

82 3291 85 3294 -
124 3257 194 3319 CH.
215 3261 335 3319 Oloris
348 3260 498 3324 dulcisona
514 3261 614 3326 dictio,
627 3261 719 3338 qualis
735 3259 853 3319 tandem
874 3261 1019 3336 opulentis
1031 3279 1049 3319 a
1060 3259 1133 3318 Del-

74 3340 152 3416 phis
165 3338 279 3398 nobiles
291 3340 388 3416 adiisti
400 3335 537 3408 Thebas?
559 3339 715 3399 Distrahor
727 3339 832 3402 animo
839 3339 964 3416 trepido,
977 3348 1059 3397 metu
1072 3341 1133 3416 pal-
1155 3349 1158 3360 '
1178 3333 1181 3344 ’
1289 3401 1294 3420 ,

73 3422 195 3509 pita'ns,
212 3418 350 3490 (Mediae,
362 3419 458 3487 Delie,
478 3419 598 3492 Paeanl)
621 3420 697 3476 circa
717 3427 746 3481 te
767 3421 883 3486 veritus,
905 3419 974 3496 quid
994 3420 1068 3487 mihi
1085 3416 1200 3476 ’001155

69 3513 158 3568 ,]οῐ0,
182 3498 229 3553 vel
249 3498 430 3558 volventibus
452 3515 551 3556 rursus
573 3499 643 3555 anni
668 3499 899 3574 tempestatibus,
921 3497 1056 3554 conficies
1079 3499 1131 3557 rei.

76 3574 144 3634 Dic
157 3577 232 3638 mibi
244 3595 332 3636 aurea
352 3577 419 3652 Spei
439 3577 603 3654 progenies,
617 3577 707 3654 Eama
726 3578 907 3636 immortalis.
947 3575 1023 3634 Filia
1041 3573 1131 3644 Jovis,

77 3656 261 3722 immortalis
280 3655 424 3726 Minerva,
438 3659 567 3730 primam·
582 3665 611 3712 te
633 3653 778 3714 invocanti
797 3675 865 3714 curn
884 3656 1021 3714 terricola
1032 3671 1131 3730 sorore
1143 3659 1200 3712 160
1286 3711 1288 3715 ,
1308 3655 1311 3663 ’

69 3731 193 3800 Diana,
207 3753 271 3812 quae
284 3737 315 3793 in
328 3735 384 3794 furi
399 3735 510 3796 ambitu
523 3736 653 3812 glorioso
672 3735 778 3792 insidet
798 3736 915 3800 throno,
929 3742 962 3794 et
972 3731 1131 3810 proculja·
1245 3806 1246 3810 ἵ

71 3813 203 3882 'culnnte
222 3814 344 3880 Phoebo,
358 3813 454 3883 eheu!
477 3821 537 3871 tres
551 3833 599 3890 vos
619 3813 716 3871 adeste
736 3814 817 3880 mihi,
831 3813 980 3890 malorum
997 3815 1131 3890 depulso·
1179 3867 1181 3872 Α

81 3891 146 3949 resq
180 3891 423 3970 Quandoquidem
448 3883 557 3950 er'rortae
577 3895 657 3968 prius
670 3892 701 3948 in
714 3893 786 3950 urbe
805 3893 977 3972 calamitatis
994 3895 1207 3951 externi-165*

84 3972 176 4028 uastis
188 3973 311 4034 noxium
323 3971 502 4040 incendium,
516 3989 594 4029 nunc
607 3989 721 4048 quoque
733 3973 879 4048 suppetias
892 3969 996 4030 venit'e.
1024 3971 1130 4032 Eheu!

82 4047 197 4118 Ebeul,
206 4050 342 4126 Namque
353 4049 431 4122 mala
440 4051 595 4116 innumera
603 4052 678 4107 fero:
697 4061 822 4127 aegrotat
834 4052 908 4108 mihi
920 4053 1069 4110 universus
1080 4071 1131 4127 po-

84 4127 181 4202 pulus,
196 4133 252 4186 ¹neu
271 4130 399 4205 suppetit
418 4131 532 4191 consilii
551 4131 602 4194 vis,
616 4146 675 4206 quo
695 4133 757 4206 quis
776 4131 1013 4208 mederiqueat:
1036 4149 1130 4207 neque
1142 4132 1201 4192 170

85 4209 166 4278 cuim
172 4215 371 4274 maturescunt
379 4207 493 4284 inclytae
502 4216 588 4267 terrae
597 4209 710 4285 fruges:
728 4225 782 4266 nec
791 4210 986 4286 parturientes
995 4209 1131 4266 mulieres

84 4279 258 4364 lacrymosos
269 4287 384 4360 dolores
397 4287 562 4364 perferunt:
583 4289 674 4370 alium
683 4305 770 4368 super
779 4290 869 4359 alium
879 4287 985 4354 videas,
996 4289 1130 4366 praepetis
1142 4287 1197 4352 115

582 4369 634 4424 09
675 4373 677 4386 “
981 4365 984 4372 ’
