2716 4830
315 269 317 280 '
423 251 771 364 'monceaux
1001 271 1002 276 '
1083 259 1147 377 cs
1224 313 1227 318 ¹

135 465 207 525 TlR.
226 466 354 526 inscium
370 473 399 524 te
418 467 466 526 aio
484 485 553 528 cum
572 469 725 528 cerissinris
744 469 909 546 turpissime
928 487 1127 540 consuescere.
1153 485 1154 492 ¹

106 559 148 602 uec
157 563 269 605 cernere
282 546 386 625 quibus
399 565 429 604 es
442 548 473 604 in
485 549 580 606 melis.

134 625 216 682 OED.
238 629 287 684 An
301 626 422 701 impune
435 627 497 684 brec
509 635 539 684 te
551 645 667 702 semper
678 627 825 688 dicturum
838 630 943 708 putas?

133 703 202 761 Tllt.
222 704 372 783 Siquidem
385 705 550 780 estaliquid
563 708 688 766 veritatis
702 707 801 766 robur.

134 782 215 841 OED.
237 784 291 841 list
302 801 384 850 sanc,
398 785 453 842 nisi
465 785 533 841 tibi:
554 784 610 841 tibi
621 794 720 843 auteur
732 785 845 846 nullum
856 793 909 858 est,
920 788 1057 866 quoniam
1070 807 1124 849 cer·
1134 795 1197 855 8ῖο

106 875 143 916 rus
154 869 179 920 et
191 864 320 928 auribus,
334 871 364 919 et
377 869 486 926 mente,
499 864 646 940 oculisque
659 883 699 921 es.
1114 897 1117 916 2

132 939 201 998 illi.
222 941 270 998 Tu
290 942 379 998 miser
398 941 515 1018 quidem
534 960 575 1009 es,
597 944 659 1000 baec
678 943 752 1002 mibi
777 941 965 1019 exprobrans,
986 962 1051 1026 quer
1071 947 1126 1006 tibi

106 1032 173 1077 nemo
187 1037 246 1076 non
261 1021 366 1078 horum
380 1019 450 1078 mosi
462 1021 657 1094 exprobrabit.
795 1074 797 1079 .
1143 1091 1148 1102 ,

133 1097 215 1157 OliD.
237 1099 386 1157 Continua
396 1099 428 1156 in
441 1107 526 1156 nocte
540 1101 669 1168 versaris,
680 1101 722 1158 itu
734 1107 769 1158 nt
778 1115 832 1158 nec
844 1118 902 1178 me,
913 1102 1066 1161 necalium
1075 1107 1124 1181 qui
1134 1107 1193 1180 375

104 1170 180 1242 lucem
194 1177 301 1244 videat,
314 1177 420 1235 laedere
433 1179 532 1252 possis.
898 1213 900 1222 ,

10 1319 11 1328 χ
51 1306 54 1313 ,
131 1254 344 1328 Tlli.12aedere
364 1273 402 1312 ne
422 1255 709 1333 quidemteco'gito:
732 1258 891 1318 nonenim
913 1277 966 1335 per
977 1278 1025 1318 me
1037 1259 1125 1318 fatale

10 1329 11 1358 ³
104 1331 191 1392 tibi'est
204 1334 318 1404 cadere,
328 1334 471 1413 siquidem
480 1335 585 1393 sufficit
593 1336 709 1414 Apollo,
720 1337 768 1393 cui
777 1337 884 1400 horum
896 1344 995 1415 poenes
1008 1340 1125 1417 exigere

103 1423 163 1470 ture
175 1423 227 1471 est·
686 1433 691 1446 ‘
923 1449 928 1460 ·

132 1492 217 1552 OED.
238 1491 266 1550 T
266 1509 352 1558 uanc,
366 1509 405 1550 en
418 1493 551 1550 Creontis
565 1493 628 1550 hec
640 1501 709 1560 sunt
721 1496 909 1553 commenta?

130 1569 201 1629 TIR.
223 1572 320 1628 Creon
334 1571 388 1628 tibi
401 1572 482 1630 nulla
494 1572 562 1630 mali
571 1589 678 1642 ‚musa5
700 1573 750 1630 sed
763 1574 824 1649 ipse
837 1580 871 1632 tu
883 1574 947 1632 tibi.

129 1649 216 1709 Olil).
236 1651 266 1706 Ο
278 1649 396 1714 divitiae,
409 1660 439 1708 et
453 1669 589 1727 regnum,
600 1668 704 1726 arsque
723 1659 833 1714 ceteras
845 1671 985 1730 superans
998 1661 1075 1713 artes
1088 1657 1125 1714 ad
1134 1659 1195 1716 880

84 1724 151 1798 *rire
162 1730 343 1796 felicitatem,
353 1740 497 1806 quantum
511 1730 589 1786 vobis
602 1730 721 1788 invidiae
730 1731 837 1798 subest,
851 1732 993 1809 siquidem
1006 1743 1126 1810 propter

54 1839 57 1849 λ
92 1797 142 1863 hoc
152 1807 318 1886 imperium,
332 1805 500 1884 quod'milri
513 1809 612 1865 civitas
631 1809 711 1866 ultro
725 1811 874 1875 traditum,
890 1829 950 1868 non
962 1815 1125 1888 expetitum

89 1878 189 1944 detulit
202 1890 234 1944 in
245 1904 361 1954 manus,
372 1887 468 1944 Creon
481 1883 530 1944 ilie
542 1887 627 1954 lidus,
636 1888 685 1944 ille
695 1888 732 1945 ab
742 1890 826 1946 initio
835 1890 955 1956 amicus,
963 1891 1039 1949 clem
1053 1893 1126 1952 mihi
1134 1899 1194 1966 885

82 1967 169 2028 struit
181 1966 351 2032 insilisset
364 1959 471 2037 ejicere
483 1984 531 2024 me
542 1964 651 2031 studet,
663 1967 823 2025 subornato
837 1969 891 2025 hoc
906 1971 1125 2047 praestigiatore,

80 2031 221 2104 fmudum
240 2051 406 2111 consutore,
418 2052 544 2110 versuto,
557 2045 738 2110 circulator-e,
752 2049 802 2122 qui
822 2047 859 2104 ad
879 2046 994 2104 lucrum
1016 2049 1125 2107 solum-

78 2123 630 2189 modoce1·nit,sdartemverocaecus
644 2122 706 2180 est!
735 2123 812 2181 Nam
825 2125 872 2182 dic
884 2144 949 2202 nge,
959 2127 1079 2186 ubinam
1093 2132 1195 2188 muso
1227 2195 1230 2208 ,

74 2209 179 2260 witus
192 2221 222 2261 es
236 2203 336 2260 vates?
364 2204 424 2262 Cur
436 2220 508 2268 non,
521 2200 637 2278 quando
650 2201 699 2260 hic
713 2211 775 2259 erat
788 2203 919 2280 perplexi
931 2206 1067 2263 carminis
1079 2208 1125 2264 in·
1231 2196 1235 2212 ¹

73 2283 198 2346 ventris
211 2283 301 2347 canis,
313 2281 449 2358 ambages
463 2283 611 2340 exsolvens
624 2281 698 2337 cives
712 2283 764 2338 bos
778 2282 928 2342 liberasti?
950 2285 1040 2360 Atqui
1052 2285 1126 2343 illud

22 2424 24 2429 ,
67 2362 283 2438 Qnigmanon
295 2358 421 2434 cuiusvis
441 2361 568 2418 bominis
588 2369 651 2416 erat
671 2363 866 2436 interpretari,
879 2361 929 2420 sed
948 2363 1126 2422 divinatione

67 2450 155 2516 opus
167 2452 242 2507 erat,
256 2457 343 2518 quem
360 2455 459 2517 neque
468 2439 505 2496 ab
525 2439 658 2515 augurio,
673 2457 727 2496 nec
738 2457 756 2498 a
769 2441 901 2498 Deorum
913 2441 1011 2518 aliquo
1025 2449 1192 2506 notamus!
1214 2443 1218 2460 ⁸
1279 2445 1283 2452 ’

66 2508 279 2577 ὶιαὴετενίειιε
291 2535 339 2575 εει
363 2529 395 2574 nt
414 2520 461 2576 ille
481 2535 539 2594 ego
558 2519 723 2583 adveniens,
738 2521 786 2595 qui
807 2520 879 2577 nibil
898 2520 1032 2586 sciebam,
1046 2523 1126 2582 illam

64 2600 257 2674 emspeseui,
268 2597 374 2654 mentis
387 2599 449 2654 acic
461 2605 617 2676 assecutus,
629 2615 689 2654 non
703 2599 740 2654 ab
752 2599 868 2656 alitibus
879 2599 1020 2671 edoctus3
1038 2619 1126 2678 quem

65 2677 217 2736 videlicet
230 2687 264 2736 tu
276 2677 389 2733 conaris
402 2671 517 2748 ejicere,
531 2693 649 2750 sperans
662 2678 795 2734 Creontis
812 2679 885 2736 solio
901 2687 931 2735 te
943 2678 1126 2738 adstaturum
1134 2685 1196 2743 4oe

63 2758 225 2828 proxime.
263 2757 304 2813 At
325 2763 464 2813 tuocum
485 2757 614 2812 maximo
627 2755 730 2812 rideris
750 2757 820 2815 mihi
841 2766 943 2833 tuque,
956 2765 987 2814 et
1002 2759 1050 2834 qui
1064 2761 1126 2817 hcc
1177 2757 1180 2766 '

62 2835 235 2900 eoniinxit,
250 2835 364 2910 piacula
383 2853 419 2893 ex
437 2833 511 2892 urbe
530 2834 683 2908 pulsurrss:
705 2844 736 2891 et
756 2836 811 2890 nisi
825 2844 854 2892 tc
868 2833 985 2902 senecta
1003 2837 1127 2896 delirae
1141 2843 1155 2876 *¹
1263 2865 1266 2874 ·

62 2915 243 2978 crederem,
256 2912 364 2972 damno
377 2921 430 2970 tuo
442 2909 641 2989 cognosceres,
655 2931 743 2988 quum
757 2915 832 2971 male
845 2915 962 2973 sentias.
1081 2939 1084 2944 ¹

118 2992 189 3051 CH.
210 2993 362 3056 Quantum
382 2993 500 3071 quidem
526 2988 707 3064 conjicimus,
728 3003 758 3048 ct
783 2991 871 3064 hujus
890 2994 986 3060 verba,
998 3000 1125 3072 tuaque,
1177 2987 1185 3000 ’

62 3073 206 3147 (Edipe,
226 3072 382 3130 iracundia
404 3072 500 3130 calore
523 3069 600 3127 elata
619 3071 762 3136 videntur.
803 3073 858 3129 His
880 3083 980 3132 autem
999 3091 1061 3130 non
1081 3082 1193 3142 est405

65 3169 167 3227 opus,
181 3150 233 3207 sed
251 3150 443 3218 considerare,
457 3149 604 3228 quomodo
623 3149 681 3206 Dei
700 3151 850 3216 oractdum
867 3153 979 3228 optime
991 3151 1126 3229 expedia-

71 3245 160 3289 xnus.
855 3279 856 3284 ,

118 3306 203 3367 rsit.
224 3307 286 3365 Etsi
307 3325 434 3385 regnum
449 3307 574 3380 obtines,
585 3325 702 3384 aquom
715 3317 815 3366 tamen
828 3311 900 3368 mihi
909 3306 958 3382 jus
971 3309 1054 3368 dictis
1068 3313 1126 3368 tuis
1290 3375 1292 3384 ,

70 3390 167 3466 paria
180 3387 308 3444 referre:
331 3389 386 3444 hoc
399 3389 478 3444 enim
492 3405 549 3464 ego
561 3389 651 3443 etium
665 3387 768 3463 polleo.
802 3389 938 3468 Namque
951 3389 1005 3447 tibi
1017 3397 1203 3466 nequa-410·
1218 3399 1219 3402 ’

71 3486 172 3546 quam
184 3464 317 3524 'subditus
329 3467 403 3531 vivo,
415 3467 466 3524 sed
479 3467 626 3542 Apollini3
650 3469 784 3543 quocirca
797 3485 850 3525 nec
862 3470 989 3526 Creonte
1001 3459 1142 3544 patronos

70 3565 156 3623 opus
174 3545 248 3603 mibi
260 3546 325 3603 erit.
364 3544 441 3604 Dice
459 3556 568 3611 autem,
590 3547 728 3621 quoniam
749 3547 822 3604 mihi
841 3549 1001 3604 cecitatem
1021 3565 1125 3624 expro-

74 3625 184 3687 brasti,
198 3625 359 3686 tricliarum
371 3624 464 3682 cernis
474 3625 643 3691 (semissen
657 3634 756 3682 tamen
768 3625 847 3681 rides
861 3625 964 3702 quibus
976 3641 1006 3682 es
1020 3625 1051 3683 in
1064 3645 1126 3684 rua·

71 3706 125 3768 lis,
141 3700 197 3761 nec
217 3701 267 3759 ubi
280 3703 402 3769 liabitas,
419 3721 474 3760 nec
493 3703 666 3780 quibuscum
686 3705 862 3760 conversaris
881 3703 970 3760 domi.
1010 3701 1192 3770 Nostin’415

78 3783 239 3860 exquibus
254 3783 399 3838 natuses?
418 3783 510 3842 immo
528 3782 600 3841 latet
623 3793 656 3841 te.
673 3784 861 3840 bostemesse
879 3791 1009 3850 tuorum,
1021 3786 1127 3862 quique

70 3861 282 3940 ¹npnd'inieros
295 3868 374 3926 sunt,
384 3862 493 3938 ‘quique
507 3863 537 3916 in
548 3869 777 3936 terrasuperne:
798 3869 870 3920 ette
883 3861 1021 3939 utrinque
1036 3865 1127 3940 impe·
1167 3871 1168 3876 ’

67 3949 180 4000 'tontes
196 3950 336 4006 materna
350 3949 539 4016 paternisque·
555 3942 697 4020 tepribiics
709 3941 779 3996 dirce
792 3941 911 4017 exigent
923 3941 1078 4019 aliquando
1091 3961 1128 4000 ex
1175 3945 1181 3950 '

83 4023 146 4084 bac¹
156 4019 238 4084 urbe,
253 4036 330 4076 nunc
344 4019 460 4096 quidem
479 4029 558 4076 recte
572 4020 729 4084 videntem,
742 4031 806 4076 turn
821 4037 888 4086 vero
900 4037 1018 4078 caecum.
1059 4021 1196 4084 Quolw

81 4107 257 4160 autemnon
273 4099 443 4172 pervenient
455 4093 582 4168 ejulatus
594 4101 638 4154 tui
652 4102 661 4154 i
687 4098 760 4159 Quis
771 4099 922 4156 Cithaeron
931 4109 1048 4175 questru
1063 4109 1127 4156 tuos

87 4179 165 4235 brevi
178 4194 240 4234 non
257 4179 377 4241 recinet,
392 4193 482 4254 quom
504 4178 634 4233 conscius‘
651 4177 746 4234 ‘iectus
765 4177 856 4236 fueris
877 4175 1127 4252 hymenaemujrs

88 4259 117 4313 in
128 4259 328 4330 importunam
341 4253 591 4314 stationemdomi
609 4265 668 4313 tute
681 4255 829 4330 appulisti,
846 4256 973 4316 secunde
985 4257 1127 4334 mvigati-
1196 4257 1211 4322 χ’

89 4351 143 4393 oue
155 4352 226 4398 usus
238 4337 248 4391 i
270 4333 452 4412 aliorumque
466 4335 609 4398 malorum
623 4352 684 4402 non
698 4334 774 4393 vides
784 4353 901 4412 agmn,
915 4353 982 4411 que
995 4332 1049 4394 tibi
1057 4337 1126 4395 tuis·
1136 4345 1195 4403 425
