2858 4822
470 305 803 388 nntnocrsrss.
968 273 973 279 “
1069 315 1071 326 κ
1107 315 1201 400 ω

168 476 318 539 ΝΕΟΡΤ.
338 473 433 536 Natus
452 498 519 545 sum
538 477 673 558 equidem
694 481 725 540 in
744 480 838 538 insula
856 479 964 555 Scyro:
986 477 1108 556 domum
1122 498 1173 538 na·
1189 483 1250 536 titt)

92 559 215 634 vigos
248 573 337 633 pono
361 571 447 645 vocor
471 559 829 635 Neoptolemas‚'Achillis
856 559 957 618 illium
981 557 1058 616 Rem
1080 566 1174 618 totam
1296 592 1297 595 ¹

75 642 252 694 tenes·
613 691 618 696 .,
694 667 698 685 s
893 669 894 676 κ

85 767 87 770 .
169 713 282 772 PHlL.
302 713 331 768 0
351 715 489 774 carissimi
509 716 598 790 petris
618 715 729 782 naimo
748 733 815 773 cara
831 713 908 772 edite
929 715 1033 790 patrie,
1055 713 1074 772 'd
1097 716 1174 771 senis
1223 761 1236 790 4

70 793 256 851 alumne*
264 791 444 867 Lycomedis,
458 811 587 870 quonam
605 795 857 871 suscepto'itinere
869 795 928 852 huc
939 791 1098 869 appulisti?
1119 791 1174 851 un·

61 871 391 948 dedamnavignsi
495 905 497 910 .
547 917 549 921 .
754 915 756 920 .
870 899 872 904 .
1084 889 1086 896 ·

85 989 91 992 -
170 949 320 1008 NEOH.
342 947 429 1006 Nunc
442 949 559 1024 quidem
572 969 608 1008 ex
621 949 685 1008 Ilio.
998 979 999 984 κ
1078 995 1079 998 ,
1191 953 1251 1008 245

77 1069 108 1080 -
159 1025 283 1086 ,1³th
303 1026 383 1088 Ouid
394 1027 452 1084 ais?
469 1039 530 1088 non
542 1029 622 1086 enirn
635 1037 671 1086 tu
680 1027 830 1088 nobiscum
842 1028 960 1090 classem
973 1028 1174 1098 conscendisti,
1243 1063 1245 1070 ,

2 1144 6 1150 -
59 1119 226 1184 quum
241 1105 417 1180 primumad
430 1105 782 1182 lliumprofectiiuimirs.
986 1151 989 1156 .
1063 1107 1064 1110 ’

173 1183 323 1246 NEOYF,
343 1185 391 1243 An
404 1191 480 1250 etto
493 1183 637 1262 particeps
649 1186 729 1242 fuisti
741 1187 824 1243 istius
838 1185 1050 1260 expeditionis?

173 1263 285 1321 PHlL.
304 1261 332 1319 0
345 1271 422 1329 nate,
436 1281 496 1320 non
509 1283 556 1322 me
568 1281 639 1341 ergo
652 1265 738 1331 nosti,
752 1283 838 1342 quem
851 1266 992 1322 intueris?
1004 1265 1006 1270 “

174 1340 322 1399 NEOPT.
343 1341 500 1404 Quomodo
512 1345 591 1402 enim
605 1344 745 1408 noverim,
758 1361 846 1420 quem
859 1343 916 1400 vidi
930 1343 1101 1418 nunquam?
1193 1345 1254 1402 ‘250

96 1461 131 1470 -
161 1419 287 1496 prilla.
307 1419 411 1496 Neque
437 1437 556 1487 nomen,
578 1419 671 1498 nequ'e
694 1421 891 1482 calamitatum
913 1439 1043 1480 mearum
1069 1419 1177 1478 famam
1213 1429 1216 1442 ‘

67 1498 231 1558 Nllam
245 1516 373 1574 unquam
385 1497 500 1564 audisti,
514 1499 616 1576 quibus
629 1517 716 1575 pereo
728 1501 837 1558 miser?
1133 1505 1140 1524 ’·
1173 1541 1177 1546 -

178 1575 326 1634 ΝΕΟΡΓ.
346 1575 426 1634 Scito
437 1595 485 1634 me
498 1579 571 1636 nihil
583 1595 685 1636 eorum
697 1595 791 1646 nosse,
804 1578 840 1635 de
852 1579 955 1656 qulbus
967 1591 1061 1654 rogas.
1132 1601 1133 1610 ¹
1168 1577 1171 1584 '

179 1653 289 1712 PHIL.
310 1657 349 1710 O·
360 1656 453 1712 multa
475 1673 523 1712 me
541 1657 753 1724 calamitosum,
768 1659 789 1714 d
806 1659 931 1730 ¹invisum
945 1657 1026 1728 Diis,
1040 1652 1121 1728 cujus
1141 1671 1179 1713 ne
1195 1659 1254 1714 ‘255

71 1733 218 1792 *Sama
234 1733 354 1810 quidem
373 1742 433 1798 tam
455 1735 560 1792 misere
580 1736 679 1794 afflicti
698 1735 901 1802 domum,'nec
922 1754 1041 1813 usquam
1060 1733 1179 1792 Graeciae
1219 1789 1225 1802 ,

109 1815 273 1884 31ervenit
285 1811 295 1867 l
315 1811 429 1890 sed'qui
442 1823 489 1872 me
502 1814 560 1872 buc
573 1809 728 1890 ejecerunt
744 1815 844 1889 impie,
863 1813 995 1871 derident
1010 1817 1060 1870 'me
1077 1815 1176 1870 taciti:

104 1885 315 1948 Zluesautem
328 1908 495 1968 meamque
508 1893 686 1968 integmscit,
700 1895 787 1968 inque
800 1892 861 1950 dies
876 1894 908 1951 iit
921 1894 1045 1969 gravior.
1086 1893 1114 1948 0
1127 1892 1179 1959 fili,
1196 1895 1258 1950 260
1319 1935 1321 1938 .

134 1969 163 2026 -b
175 1971 264 2045 patris
276 1969 396 2026 Achillis
416 1971 520 2044 proles,
536 1988 575 2028 en
593 1971 641 2027 ille
658 1989 715 2046 ego
734 1989 799 2027 sum
816 1972 879 2038 tibi,
892 1990 978 2048 quem
998 1969 1087 2027 lando
1105 1970 1181 2027 forte
1254 2001 1257 2006 ·

61 2117 72 2122 ..
141 2049 258 2106 audiisti
270 2047 483 2125 Herculeamrn
495 2066 684 2123 possessorem
694 2050 876 2126 sagittarum,
887 2051 963 2107 filius
974 2049 1181 2106 Poeantis'Pbi·

146 2125 274 2190 meteres,
287 2145 374 2202 quem
387 2127 498 2203 gemini
510 2128 606 2193 duces,
620 2143 728 2203 rexque
741 2128 953 2202 Cephallenum
969 2123 1099 2198 abjecere
1120 2137 1181 2184 tur·
1197 2127 1257 2186 266
1366 2200 1368 2207 Α

146 2207 218 2277 piter
237 2206 334 2264 solum
349 2207 390 2276 sic
405 2207 437 2262 in
454 2205 569 2263 deserto
584 2205 792 2272 loc0,=letiferae
815 2215 936 2263 excetrae
957 2222 1057 2262 morsu
1076 2206 1182 2262 infesto

147 2287 340 2350 volneratum,
353 2284 474 2361 diroque
495 2285 562 2341 inde
584 2284 778 2342 tabescentem
798 2285 919 2354 morbo,
941 2287 1079 2361 cumquei
1092 2284 1182 2349 mmo

146 2359 193 2432 fili,
207 2363 260 2422 bic
274 2364 437 2438 expositum
454 2363 549 2420 sulum
566 2363 747 2440 reliquerunt
763 2369 850 2440 atquc
868 2363 1012 2428 abierunt,
1029 2372 1181 2440 postquam

145 2452 268 2520 eponto
281 2442 447 2502 circumflua
467 2443 575 2517 Chrysa
594 2444 652 2500 buc
665 2442 850 2518 appulerunt.
892 2441 1005 2499 Scilicet
1018 2441 1067 2498 ubi
1080 2459 1127 2498 rne
1140 2443 1181 2498 vi·
1199 2446 1259 2509 270
1328 2451 1330 2454 '

141 2515 251 2586 derunt
274 2537 310 2578 ex
333 2521 427 2580 multa
448 2521 534 2578 maris
554 2517 713 2592 jactatione
734 2521 928 2578 dormientem
952 2523 983 2576 in
1003 2537 1071 2577 cava
1085 2521 1183 2577 'litoris
1228 2557 1229 2560 =

135 2607 228 2680 rope,
249 2599 310 2656 laeti
330 2599 477 2668 solverunt
498 2617 593 2664 naves,
613 2619 660 2656 me
683 2600 807 2666 deserto,
830 2601 1023 2674 appositisque
1046 2599 1129 2665 milri,
1149 2605 1184 2656 nt

129 2679 282 2757 foendico
301 2677 399 2749 alicui,
414 2679 516 2752 pannis
534 2679 673 2752 pauculis,
687 2677 799 2754 cibique
819 2679 945 2736 subsidio
966 2676 1066 2748 tenui,
1084 2677 1185 2755 ‘qualia
1200 2681 1259 2744 275

124 2761 208 2829 J{esis
234 2757 348 2814 utinam
367 2753 558 2832 contingant!
592 2757 640 2815 Tu
652 2757 763 2823 vermo
782 2757 834 2822 fili,
850 2775 935 2833 quem
955 2757 1027 2816 mibi
1046 2773 1062 2811 e
1081 2773 1185 2813 somno

118 2838 284 2899 excitato.
307 2842 458 2910 postquam
481 2835 524 2890 illi
546 2836 668 2910 profecti
690 2835 820 2901 luerunt,
841 2853 958 2902 sensnm
972 2834 1067 2894 ‘fuisse
1089 2835 1185 2908 putas,

112 2922 213 2988 quas
228 2912 364 2992 effudisse
382 2914 530 2989 lacrymas,
543 2913 645 2990 qmbns
664 2913 798 2978 lamentis
817 2932 883 2972 mea
902 2913 1064 2988 deplorasse
1087 2913 1183 2970 mala?

105 2999 238 3070 t{uum
252 3009 402 3049 cernerem
415 3010 510 3058 naves,
525 2991 629 3067 quibus
646 2993 703 3049 huc
717 2993 927 3068 navigatorum,
941 3009 1041 3048 omnes
1061 2991 1186 3055 abactas,
1202 2996 1263 3050 280

104 3055 356 3148 hominemque
375 3073 406 3127 in
425 3071 490 3127 loco
510 3071 665 3133 neminem,
688 3087 742 3126 nec
761 3069 1039 3150 quirvicms'curam
1059 3067 1186 3146 gereret,

68 3179 78 3192 ,
97 3154 192 3215 (lec
211 3151 267 3227 qui
280 3156 391 3224 aegroto
404 3149 498 3206 morbi
510 3149 641 3228 levqmen
655 3147 778 3206 afferret.
818 3149 927 3206 Omnia
943 3157 1042 3205 autern
1062 3149 1188 3224 circum·

11 3285 14 3287 .
93 3233 273 3314 &piciens
286 3228 358 3284 nibil
370 3225 428 3286 vidi
442 3236 547 3302 praeter
558 3245 702 3288 aernmnas
722 3227 838 3297 adesse;
862 3227 1032 3302 harumque,
1041 3224 1063 3282 'd
1077 3227 1129 3292 lili,
1142 3227 1188 3283 in·

92 3314 275 3388 &entem
289 3307 412 3380 copiam.
455 3305 570 3364 Interea
586 3305 665 3364 'mihi
682 3315 798 3384 tempus
808 3307 921 3364 sensim
942 3303 1126 3380 procedebat,
1140 3305 1189 3362 die
1204 3307 1263 3362 285
1287 3321 1298 3327 ·

95 3391 228 3452 diem
250 3385 423 3460 excipiente,
446 3385 654 3460 oportebatque
674 3385 770 3442 solum
792 3403 839 3442 me
858 3379 916 3442 hoc*
930 3385 982 3460 sub
1005 3401 1092 3458 parco
1112 3391 1191 3440 tecto
1234 3389 1239 3400 ⁴

99 3467 224 3532 {nihi
254 3465 418 3521 ministrare
446 3463 564 3534 omnia..
593 3464 742 3522 Alimenta
767 3464 884 3540 quidem
913 3461 1114 3536 suppeditabat
1143 3463 1191 3518 bic

100 3559 246 3612 {ereum
265 3557 322 3618 quo
341 3542 470 3599 volatiles
494 3536 629 3616 petebam
646 3541 810 3600 columbas:
832 3553 897 3600 tum
910 3541 1100 3618 quodcunque
1119 3541 1192 3598 mihi

99 3615 296 3700 §trigissct
307 3621 409 3678 emissa
419 3638 509 3678 nervo
519 3621 634 3696 sagitta,
644 3620 702 3678 lroc
714 3631 749 3678 ut
763 3621 905 3685 tollerem,
919 3618 1120 3698 provolvebam
1133 3637 1192 3686 me,
1207 3621 1268 3688 290

106 3720 229 3783 §egre
243 3698 475 3774 trahenspedem
488 3701 584 3758 miser.
619 3699 718 3776 aitque
731 3701 820 3756 etiam
833 3707 925 3776 qnurn'
942 3707 1014 3771 potu
1033 3715 1101 3754 usus
1119 3708 1191 3766 erat,

109 3785 202 3850 vel,
218 3781 246 3838 sl
266 3779 374 3854 pruinis
391 3787 479 3836 ,terrae
498 3776 665 3852 superfusis,
678 3786 712 3834 ut
725 3778 821 3844 hieme
839 3777 922 3842 solet,
937 3793 1050 3832 necesse
1064 3786 1126 3833 erat
1142 3796 1193 3852 pa·

115 3874 275 3932 lumper
296 3857 370 3932 ligni
389 3855 592 3922 cenetense
607 3873 623 3911 e
640 3873 728 3932 specu
745 3874 847 3931 repens
865 3857 925 3930 ipse
942 3853 1081 3912 moliebar
1098 3857 1194 3915 miser.
1208 3857 1267 3913 ‘295
1317 3855 1324 3870 “

96 3962 100 3966 ’
117 3935 270 4000 Deinde
283 3937 359 4010 ignis
371 3934 449 3992 haud
462 3944 525 3992 erat
537 3934 568 3990 in
588 3942 743 4009 promptu:
766 3935 817 3991 sed
834 3935 905 3991 silici
927 3933 1037 3990 silicem
1056 3941 1195 4003 atterens,
1271 3971 1274 3978 ·

125 4022 316 4086 abstrusam
342 4015 388 4070 vix
404 4009 500 4070 ”elicui
531 4013 686 4074 flammam,
713 4031 777 4088 qoae
811 4013 959 4093 bucusque
991 4031 1037 4070 me
1066 4015 1195 4090 sospitat.
1249 4031 1251 4034 ·

134 4095 298 4157 Habitata
319 4092 400 4150 eninr
417 4103 484 4150 casa
502 4092 563 4160 haec
584 4108 652 4152 curn
674 4091 742 4166 igne
761 4093 875 4162 omnia,
900 4101 1006 4166 praeter
1030 4093 1195 4159 sanitatem,

93 4241 96 4244 .
137 4171 319 4250 quppeditat
329 4171 410 4230 mihi.
430 4171 592 4245 Agenunc,
604 4171 708 4235 bnate,
719 4182 750 4226 et
760 4169 860 4226 insulae
870 4167 958 4243 hujus
968 4176 1101 4234 naturam
1110 4170 1196 4229 disce.
1210 4171 1272 4228 800

144 4250 257 4323 Hujus
269 4249 306 4306 ad
319 4249 597 4322 oras-navitanollus
607 4257 710 4322 sponte
719 4248 860 4322 applicat:
876 4249 957 4306 nulla
966 4255 1009 4310 est
1022 4248 1101 4304 enim
1115 4243 1197 4310 naai-
1335 4255 1336 4260 ’

143 4334 208 4398 bos
221 4331 317 4396 statio,
325 4345 386 4391 inec
399 4329 608 4406 mercatoribus
620 4343 683 4402 spes
696 4326 755 4410 ulla
767 4334 811 4402 est
822 4326 908 4404 locri,
921 4344 977 4402 pec
989 4324 1050 4406 ulls
1061 4325 1197 4404 hospitis.
