2730 4830
490 299 717 378 ELECTRA·
1054 320 1119 410 2349

124 472 187 534 Bb.
205 476 380 554 Ignaromrn
394 485 438 540 ert
451 415 850 558 hrrjnsmodi'dictaprobare.
952 535 954 542 .

123 553 277 625 CHRYS.
287 555 335 614 Tu
346 575 414 616 vero
427 575 488 616 non
499 561 671 620 auscultabis
683 557 778 638 neque
789 563 951 620 consenties
963 560 1055 622 mibil
1116 565 1117 568 ’

122 631 185 689 EL.
202 633 328 692 Minime
340 653 425 693 sane:
446 639 551 696 nasim
564 639 636 696 adeo
648 639 753 697 mentis
765 640 858 714 inops.

103 741 109 748 ·
121 710 267 770 CHRYS.
286 712 410 790 Pergam
423 715 514 792 igitur
525 733 562 772 eo
573 734 632 794 quo
643 717 700 774 iter
710 717 832 776 institui.

119 787 185 846 itt..
204 789 352 851 Quorsum
364 801 464 853 autern
474 794 570 852 vedis?
592 795 708 853 ouilers
720 795 776 854 ista
787 793 886 854 sacra?
1129 795 1189 850 40⁵

68 867 266 1004 fer{³311in
286 868 385 928 Mater
399 889 456 930 ,me
475 873 577 940 mittit,
599 881 634 931 ut
654 874 742 951 patris
763 872 800 932 ad
825 875 974 940 tumulum
996 875 1114 935 inferias

143 963 183 1002 m.
566 997 571 1006 .
911 1001 914 1008 ,
1150 1001 1151 1004 ,

117 1021 355 1086 EL.·Quidaiel
387 1029 614 1088 numeralium
627 1029 818 1106 invisissimol
967 1087 968 1090 ,
1008 1101 1009 1106 ¹

116 1100 267 1164 CHRYS.
284 1105 380 1168 Quem
392 1108 454 1181 ipsa
464 1105 577 1166 oceidit.
616 1106 683 1164 lloo
695 1109 777 1184 enlm·
786 1110 827 1166 vis
839 1108 943 1180 dinero.
969 1145 971 1148 -
986 1151 988 1158 ,

117 1177 185 1238 ΕΙι.
204 1181 496 1248 Οιιοηειηώαωὶοο
507 1187 660 1259 persuasa?
680 1185 796 1244 ouihoc
809 1185 934 1262 placuit?
1000 1239 1002 1246 .
1241 1259 1249 1266 ‚

117 1259 265 1318 CHRYS.
282 1261 331 1320 Ex
344 1277 448 1338 pavore
460 1263 584 1340 quodam
598 1275 749 1326 nonturno,
764 1273 797 1322 ut
809 1264 882 1322 mihi
894 1265 1014 1326 videtur.
1127 1265 1205 1318 410¹

115 1335 188 1396 ut..
204 1339 232 1395 0
244 1339 294 1396 Dii
306 1341 402 1416 patrii,
415 1339 611 1410 adestenunc,
625 1349 731 1418 quteso,
745 1345 878 1402 maxime.

83 1465 84 1468 ,
116 1415 266 1476 CHRYS.
286 1417 436 1496 Numquid
448 1419 559 1478 fiduciae
572 1421 626 1478 tibi
635 1419 720 1478 affert
731 1421 778 1478 hic
792 1423 897 1495 paror?
1017 1409 1026 1434 ⁸

110 1493 183 1554 EL.
203 1495 234 1552 Si
245 1497 318 1554 mihi
329 1497 505 1556 insomnium
518 1500 686 1564 narraveris,
699 1509 763 1558 tum
774 1500 825 1556 tibi
840 1498 911 1558 illud
923 1497 1026 1560 dium.
1122 1519 1127 1524 ”
1142 1537 1143 1542 κ

116 1571 265 1644 CHRYS.
286 1575 342 1634 Sed
354 1575 473 1654 paulum
484 1575 619 1654 estquod
631 1578 684 1636 hac
697 1578 733 1634 de
745 1595 777 1634 re
789 1577 884 1646 dicere
897 1579 1012 1651 purim.

115 1649 184 1710 ΕΙι.
206 1651 290 1712 Istud
301 1653 348 1712 dio
357 1655 472 1712 saltem:
485 1673 554 1712 sane
569 1655 646 1714 dicta
659 1656 780 1731 paucula
791 1674 867 1732 steps
874 1653 1110 1732 jamprostrave-
1125 1656 1184 1711 415

73 1731 540 1792 suntad-erexerunthominu.
608 1766 615 1780 ··
929 1789 933 1794 .

78 1855 79 1858 ,
114 1807 263 1868 CHRYS.
284 1810 388 1885 Fertur
397 1812 479 1868 illum
494 1812 593 1870 vidisse
605 1817 718 1888 patrem
737 1818 822 1869 tuum
841 1830 874 1870 ao
893 1830 992 1874 meum
1011 1825 1111 1872 rursus

75 1886 108 1945 in
121 1891 208 1946 auras
219 1905 379 1948 emersum:
401 1889 505 1948 deiude
516 1890 600 1948 illum
613 1891 645 1948 in
656 1890 745 1948 domo
757 1899 918 1948 versantem
931 1892 1039 1964 cepisse
1050 1907 1110 1948 soe-
1126 1889 1186 1950 420

76 1976 190 2037 ptmm,
208 1965 284 2043 quod
305 1966 436 2044 gerebat
457 1968 528 2026 olim
540 1969 622 2044 ipse,
640 1985 719 2026 nunc
738 1970 932 2044 autemvgerit
948 1967 1110 2044 AEgisthos',

77 2043 207 2121 illudque
219 2046 367 2104 interram
380 2046 614 2123 delinisseratque
623 2065 660 2104 ex
669 2064 706 2104 eo
715 2048 747 2102 in
759 2047 851 2104 altum
863 2049 1032 2106 succrevisse
1043 2065 1111 2122 ger*
1200 2047 1204 2058 '

73 2124 241 2186 minantem
254 2140 377 2190 ramum,
390 2142 449 2200 quo
460 2123 633 2184 obumbrata
642 2124 732 2182 fuerit
743 2132 806 2186 tota
817 2123 1005 2199 Mycenarum
1024 2133 1109 2188 terra.
1180 2173 1182 2178 .

17 2222 25 2230 ·
77 2197 329 2276 Hminexpo'ni
348 2191 673 2280 audiviaquddnmqui
691 2219 816 2278 praesens
834 2201 937 2272 adfuit,
950 2217 1041 2278 quum
1060 2204 1110 2272 illa
1125 2201 1183 2258 tao
1291 2225 1294 2232 Δ

75 2277 141 2336 Soli
157 2281 306 2338 somnium
324 2293 463 2338 narraret.
501 2281 591 2338 Plura
602 2297 671 2340 vero
690 2279 735 2340 his
754 2298 814 2338 non
826 2281 904 2346 nori,
917 2280 972 2338 nisi
984 2281 1061 2355 quod
1073 2299 1110 2340 eo

77 2373 124 2414 me
137 2357 189 2414 illa
200 2357 281 2416 misit
291 2358 329 2417 ob
341 2367 513 2432 conseptum
526 2378 563 2416 ex
575 2359 630 2418 hoc
643 2359 787 2418 insomnio
798 2359 947 2420 timorem.
982 2357 1040 2416 Per
1051 2378 1109 2436 ego

74 2445 106 2491 te
116 2435 228 2508 patrios
238 2435 318 2493 Deos
331 2437 449 2494 obsecro
460 2438 560 2515 igitur,
573 2437 691 2496 utmihi
704 2437 854 2500 auscultes,
869 2454 963 2514 neque
983 2454 1035 2512 per
1053 2440 1108 2510 inr-

76 2512 261 2588 prudentiam
274 2533 389 2588 pessum
399 2533 456 2574 eas.
494 2513 572 2574 Nam
583 2517 608 2574 si
620 2519 668 2574 ine
680 2533 758 2574 nunc
769 2515 899 2596 repelles,
912 2525 1012 2592 poetea
1030 2517 1108 2580 malo
1125 2515 1184 2574 ⁴³0

75 2601 177 2650 coacta
188 2595 236 2650 me
247 2592 400 2652 revocabis.

49 2697 51 2704 ·
115 2670 179 2728 El..
198 2672 249 2736 At,
262 2672 280 2727 o
292 2689 367 2738 cara,
380 2673 625 2750 horum'qoidem
638 2691 703 2751 qnae
720 2682 818 2750 portas
837 2674 979 2740 manibus,
994 2675 1108 2736 tumulo

74 2747 237 2806 admoveris
250 2749 331 2808 nihil.
369 2749 531 2810 Nonenim
550 2751 604 2808 tibi
622 2752 664 2810 ias
684 2769 737 2810 neo
756 2754 877 2830 pium,a
895 2753 1017 2825 muliere
1035 2755 1108 2812 adeo
1142 2801 1143 2804 η

75 2827 196 2894 inimica
206 2827 322 2898 inferias
333 2827 437 2887 offerre
449 2829 534 2906 patri,
547 2837 599 2894 aut
611 2830 748 2888 libamina
758 2830 900 2890 timuere:
921 2827 1028 2890 sedvel
1040 2849 1106 2906 pros
1123 2831 1182 2886 435
1201 2849 1203 2860 ¹
1294 2903 1296 2906 ¹

67 2901 131 2984 jioe
143 2907 246 2970 ventis,
260 2907 305 2962 vel
314 2905 372 2966 alte
386 2907 486 2966 effossa
497 2909 529 2964 in
541 2916 619 2966 terra
636 2908 737 2972 conde,
750 2909 829 2966 unde
837 2935 839 2938 ·
848 2927 997 2986 nunquam
1010 2909 1047 2968 ad
1058 2918 1106 2969 tu-

74 2983 193 3042 mulum
216 2985 306 3059 patris
327 2985 433 3044 horum
452 2984 570 3044 accedat
588 2985 761 3063 quidquam:
787 2994 820 3048 at
840 2985 933 3054 donec
954 2985 1105 3054 moriatur,

73 3064 266 3138 thesaurusei
276 3065 330 3120 iste
342 3065 396 3124 sub
408 3074 486 3122 terre
504 3063 680 3130 adservetur.
718 3063 849 3124 Omnino
867 3065 956 3130 enim,
971 3067 1026 3126 nisi
1045 3065 1107 3130 heae

73 3141 263 3199 audacissima
271 3135 380 3200 mulier
391 3143 523 3200 omnium
543 3149 612 3200 nata
629 3141 714 3222 foret,
729 3139 878 3220 nunquam
897 3145 1001 3202 invisos
1020 3144 1106 3202 bosoe
1123 3146 1183 3198 440

73 3219 244 3278 inferiarum
256 3220 380 3278 honores
391 3220 478 3286 illius,
492 3237 578 3297 quem
590 3220 653 3295 ipsa
670 3221 784 3288 occidit,
797 3221 912 3280 tumulo
921 3221 1105 3290 destinasset.
1127 3277 1128 3282 ,
1155 3241 1158 3246 ·

73 3295 233 3356 Enimuero
244 3298 398 3373 perpende,
411 3315 450 3356 an
462 3298 517 3356 tibi
527 3297 589 3376 ipse
601 3295 730 3356 videatur
742 3299 856 3357 tumulo
874 3299 1008 3358 conditus
1027 3317 1105 3358 mor·

72 3388 142 3436 tuus
161 3378 284 3433 mouera
303 3377 367 3434 ,haec
388 3376 513 3446 libenter
532 3384 700 3451 accepturos
720 3377 757 3434 ab
778 3379 844 3452 ipsa·
863 3395 882 3440 o
899 3395 957 3453 qua
977 3377 1105 3454 indignis

71 3455 168 3515 modis
179 3451 447 3530 oocisus,··extremis
466 3453 613 3520 membris,
625 3463 660 3512 ut
677 3455 777 3522 hostis,
790 3463 940 3516 truncatus
959 3465 1012 3521 est,
1026 3475 1103 3532 quae-
1121 3473 1180 3528 445

72 3533 350 3608 quepurifioatiouis
362 3534 423 3590 rice
435 3534 561 3592 macules
572 3533 704 3592 abstersit
715 3534 792 3594 illius
804 3535 907 3608 cupite.
942 3531 1024 3596 Num
1036 3551 1103 3594 cen·

70 3625 118 3668 seo
130 3612 175 3669 bis
182 3628 251 3686 qum
263 3611 320 3668 fers
331 3611 440 3689 oredem
453 3612 497 3670 illi
508 3611 618 3686 expiari
629 3613 731 3688 posse?
759 3609 950 3698 Nequaquam
964 3611 1027 3668 fieri
1039 3621 1103 3686 pot·

39 3697 40 3700 ’
71 3691 129 3746 est.
145 3695 150 3718 ³
164 3681 292 3746 Proinde
306 3691 368 3746 hmo
381 3689 496 3766 quidem
516 3691 637 3761 omitte,
659 3699 691 3764 tp
705 3709 773 3748 vero
792 3689 915 3765 praecide
933 3690 1035 3764 capitis
1053 3709 1102 3762 ests

71 3775 189 3824 nemos
201 3767 348 3826 cincinnos
361 3769 415 3833 tui,
429 3769 543 3846 meique
556 3768 677 3835 miserm,
690 3767 790 3846 illique
801 3768 847 3831 da,
861 3785 948 3843 parva
967 3766 1103 3846 haedqui-
1121 3781 1181 3840 450

51 3846 149 3920 fdem,
172 3845 267 3921 qualia
288 3855 387 3902 tamen
409 3846 511 3913 habeo,
531 3847 673 3921 supplices
697 3848 749 3906 has
770 3863 875 3908 comoa
891 3855 929 3903 ,et
951 3846 1104 3922 cingulum

68 3941 171 3982 meum
184 3924 264 3980 milla
276 3923 436 3998 expolitum
449 3931 521 3982 arte.
548 3925 651 3984 Pronis
663 3931 762 3984 autem
773 3925 895 4000 supplex
906 3925 1029 4000 genibus
1041 3943 1103 3993 ora,
1217 3970 1220 3977 .

67 4010 107 4061 nt
119 4001 262 4076 propitius
274 4021 311 4060 err
322 4001 421 4060 inferis
433 4003 538 4068 veniat,
552 4019 638 4078 opem
650 4003 733 4061 nobis
745 4013 846 4060 contra
858 4004 954 4064 hostes
973 4004 1101 4073 laturus;

64 4089 162 4156 utque
184 4079 260 4138 lilius
282 4081 399 4152 „Orestes
417 4081 554 4140 validiore
576 4097 665 4158 manu
687 4082 783 4138 hostes
804 4081 930 4149 adortus,
944 4082 1024 4140 vivus
1036 4083 1102 4158 ipse
1120 4087 1179 4148 453

61 4155 198 4234 jacentes
209 4157 358 4217 conculcet
372 4158 461 4232 pede3
483 4177 541 4235 quo
551 4161 640 4234 ipsius
653 4159 800 4218 tumulum
816 4159 933 4234 posthac
951 4157 1104 4218 ditioribus

64 4253 159 4316 quam
172 4252 250 4292 nuno
267 4238 399 4294 manibus
419 4253 555 4295 ornemus
573 4237 666 4294 donis.
708 4238 784 4296 Puto
802 4238 947 4314 equidem,
961 4245 1033 4314 puto
1051 4237 1103 4294 alt·
1125 4245 1126 4248 ’

65 4312 141 4395 quid
150 4308 214 4383 jam
226 4314 323 4389 ipsum
334 4316 566 4395 agitneanimo,
578 4314 709 4394 adeoque
727 4317 771 4376 illi
789 4317 940 4398 inaruisse
958 4313 1109 4376 horrendo
1121 4323 1182 4378 tuo
1251 4332 1257 4342 ’

113 4409 258 4464 vomu.
327 4397 352 4452 Δ
502 4411 526 4442 ’Ν
599 4401 665 4459 uro
920 4419 927 4442 τ
1309 4415 1310 4422 “
