2716 4830
266 273 297 320 r
344 249 825 382 norrosoononeue

29 452 30 481 2
96 429 166 506 ,titt
182 431 265 500 Quin
277 448 380 512 ergoe
395 431 536 494 ministris
554 433 697 516 quispiam
714 435 776 494 abit
791 452 879 512 quam
891 433 1029 496 citissime
1041 451 1109 498 eras

83 508 186 579 rdiilse,
199 527 320 570 omnem
342 511 494 572 coactitius
516 513 667 592 populum,
692 513 830 592 peditem,
851 515 1047 594 equitemque,
1061 524 1106 588 ut,

85 591 149 648 sacris
159 590 276 654 relictis,
287 588 384 649 effusis
393 591 513 650 habenis
524 599 683 672 properent
695 611 763 650 eum
776 592 808 650 iu
816 593 925 660 locum,
937 592 987 651 ubi
998 593 1108 670 duplex
1123 605 1190 666 m
1213 611 1214 620 ¹

87 669 195 728 eunhbue
208 669 254 725 via
266 670 298 726 in
310 685 400 728 unam
413 671 539 748 maxime
555 672 625 738 coit,
638 689 677 729 ne
689 678 839 730 nauseant
851 669 967 746 puelle,
983 689 1037 742 nec
1051 690 1107 750 ego

86 743 233 805 deridiculae
246 747 315 806 liam
328 747 429 806 huicce
441 747 558 825 hospiti,
571 750 600 806 vi
609 751 779 826 superabis?
795 751 852 816 abi,
872 761 904 807 ut
917 747 1001 825 jussi,
1019 749 1107 811 ocius.

30 887 32 894 ‚
85 821 152 883 Hunc
163 833 260 884 autem
271 841 338 904 ego,
351 825 436 884 stira
445 827 639 904 indulgerem,
649 846 706 906 qua
717 827 824 906 dignus
835 837 889 896 est,
903 829 1107 888 incolumeme
1123 834 1182 900 905

85 917 151 961 nanu
162 923 226 964 mea
238 919 300 962 non
313 902 510 964 dimitteretur
533 924 611 964 nune
627 914 727 964 autem
745 925 815 984 quaa
825 908 886 984 ipse
895 907 979 984 leges
991 909 1049 966 huc
1062 909 1110 968 in·
1166 957 1168 962 .

28 1016 29 1019 =
85 979 144 1051 tilit,
157 983 270 1051 iisdem,
294 999 355 1042 nnn
375 983 437 1042 aliis
456 983 613 1045 tenebitur.
636 983 723 1060 'Non
739 988 819 1044 euim
836 1002 967 1062 uuquam
980 987 1059 1046 hisce
1071 1003 1108 1048 ex
1145 1060 1148 1065 ,

86 1059 127 1115 oris
143 1061 239 1126 abibis,
264 1061 321 1119 nisi
342 1061 422 1140 prius
442 1061 508 1122 illes
530 1063 588 1122 buc
611 1063 745 1122 reductas
768 1063 866 1140 palam
885 1064 960 1122 mihi
981 1063 1105 1138 stiteris3
1122 1073 1184 1136 910

86 1139 294 1220 qundoquidem
307 1146 338 1204 et
354 1157 412 1209 me,
432 1141 524 1218 iisque
545 1141 648 1218 quibus
672 1150 832 1218 prognatus
853 1161 895 1210 es,
908 1151 939 1200 et
951 1144 1045 1220 patris
1057 1150 1110 1204 tua
1190 1151 1191 1156 ’

85 1215 214 1296 iudignum
226 1217 339 1290 hcinus
350 1235 503 1296 aggressus
516 1237 564 1292 es;
586 1221 695 1297 quippe
715 1223 766 1298 qui
784 1221 861 1297 aequi
880 1230 1043 1282 servantem
1061 1223 1108 1280 in·

87 1301 174 1368 gisam
185 1296 342 1363 civitatem,
356 1298 486 1375 nihilque
498 1299 555 1357 nisi
572 1317 609 1356 ex
626 1300 695 1375 lege
710 1299 878 1367 facientem,
892 1306 993 1358 tamen
1004 1301 1108 1376 spretis

87 1372 192 1448 iispcnes
202 1385 275 1454 quos
288 1382 333 1433 est
339 1373 430 1452 hujus
439 1376 496 1434 loci
505 1377 620 1452 publica
629 1379 797 1444 auctoritas,
805 1378 847 1434 sic
858 1377 1001 1438 violenter
1009 1380 1115 1447 irruis,¹
1123 1384 1183 1446 als

87 1449 235 1532 abducisque
256 1471 435 1534 quaecunque
458 1456 509 1522 vis,
533 1454 646 1533 tibique
667 1473 720 1534 per
738 1456 799 1516 vim
814 1451 942 1528 subjicis.
981 1457 1110 1517 Etmihi

87 1528 165 1591 urbem
177 1549 238 1592 esse
252 1534 364 1610 putasti
383 1551 504 1594 vacuam
521 1534 599 1603 viris,
616 1543 669 1592 aut
688 1534 810 1594 domiuo
822 1535 997 1596 servientem
1009 1535 1109 1604 alicui,

86 1617 109 1664 et
117 1626 154 1668 me
164 1611 311 1671 hominem
326 1629 387 1670 esse
398 1612 491 1671 nihili.
520 1613 699 1689 Quanquam
712 1621 741 1670 te
750 1613 777 1671 T
779 1611 861 1672 hebae
873 1630 935 1672 non
945 1615 1109 1674 docuerunt

88 1695 132 1743 esse
148 1691 268 1762 malurn3
291 1707 352 1748 non
374 1692 453 1749 enim
477 1690 572 1750 solent
592 1687 717 1764 injustos
739 1693 816 1750 viros
838 1691 978 1752 educare:
1001 1711 1055 1752 nec
1078 1701 1108 1750 te
1124 1699 1184 1755 920

24 1796 25 1803 ,
88 1767 304 1840 appendente
316 1769 455 1828 rescirent
475 1776 506 1828 te
525 1787 572 1828 me
611 1788 647 1826 ue
669 1778 701 1827 et
719 1770 817 1829 divina
829 1772 963 1846 spoliare,
976 1773 1005 1830 vi
1017 1771 1108 1832 ebdu·
1191 1783 1192 1786 ’

87 1853 176 1904 nutem
196 1847 317 1905 miseros
333 1847 483 1924 supplices.
522 1847 591 1907 Hau
631 1846 750 1926 quidem
762 1867 842 1915 sane,
860 1857 942 1908 tuam
961 1852 1108 1929 ingressus

88 1924 181 1992 terram,
194 1943 232 1983 ne
244 1927 270 1986 si
282 1943 381 1985 causas
400 1926 537 1986 haberem
557 1927 692 1986 omniurn
710 1923 895 2000 justissimas,
909 1927 1107 1988 abstraherem
1123 1931 1185 1990 92³

84 1995 268 2062 'ebduceremve
281 2021 467 2083 quemquam,
481 2005 589 2084 absque
610 2007 698 2082 regis,
720 2007 848 2085 quisquis
864 2005 914 2064 illc
934 2017 1019 2074 esset,
1032 2007 1108 2066 arhi-

87 2075 143 2151 iri03
161 2082 208 2140 sed
221 2081 336 2150 scirem,
350 2101 408 2162 quo
422 2101 453 2142 se
463 2083 552 2142 modo
565 2085 669 2158 hospes
681 2083 759 2142 inter
766 2085 842 2142 cives
852 2099 955 2161 gerere
964 2093 1109 2161 oporteat.

72 2147 121 2238 ¹Tu
130 2175 190 2218 vero
200 2169 290 2220 tuam
303 2162 394 2238 ipsius
414 2164 547 2238 patriam,
561 2160 639 2220 haud
653 2161 705 2220 tali
717 2159 839 2246 diguam
853 2163 973 2238 probro,
986 2163 1108 2240 dedeco·
1205 2195 1207 2198 ·

86 2243 136 2307 ¹²⁸3
149 2248 176 2299 et
188 2248 217 2298 te
230 2241 320 2318 longa
331 2245 400 2299 retae
412 2258 511 2302 senem
524 2241 612 2301 simul
621 2239 726 2306 reddit,
737 2251 768 2298 et
777 2248 877 2299 mente
886 2260 1017 2301 uacuum.
1037 2243 1108 2302 Dixi
1123 2245 1184 2314 939
1217 2269 1220 2284 ·

0 2322 1 2335 ³
81 2312 181 2384 itidem
201 2315 266 2392 jam
288 2327 367 2386 ante,
391 2337 526 2399 nuncque
549 2321 657 2378 iterum
682 2319 758 2384 dico,
783 2319 892 2396 puellae
915 2327 949 2378 ut
970 2323 1115 2398 quisbue

5 2426 10 2431 „
82 2387 184 2455 Macar
200 2411 288 2474 quam
307 2397 467 2467 celerrime,
481 2399 538 2457 nisi
555 2398 715 2478 inquilinus
730 2395 820 2471 hujus
832 2399 889 2457 loci
901 2399 965 2456 fieri
983 2417 1037 2476 per
1048 2402 1107 2460 vim
1122 2402 1185 2461 985

3 2476 4 2483 ,
74 2469 153 2607 esttqlrire
165 2477 299 2612 ingrptiis
311 2477 369 2536 tuis
380 2493 443 2572 non
453 2477 573 2556 retegis.
593 2477 691 2558 Atque
704 2477 878 2539 hactibicx
890 2479 1108 2564 animopariter

131 2571 149 2610 n
189 2574 209 2613 a
240 2571 295 2615 reo.
609 2570 613 2578 ·

103 2571 279 2695 CngVides
301 2650 360 2712 quo
379 2633 446 2692 loco
467 2650 514 2692 res
535 2633 589 2692 tibi
612 2634 660 2703 ait,
681 2634 804 2712 hospes?
826 2633 906 2694 Nam
924 2638 1109 2712 reputantis
1198 2670 1201 2680 ,

1 2745 2 2776 2
68 2702 165 2850 higiblus
179 2719 264 2772 natus
276 2712 324 2783 sis,
332 2707 433 2788 justis
443 2729 505 2772 'esse
518 2713 623 2773 rideris
628 2738 640 2792 3
658 2713 739 2776 mela
751 2722 850 2774 autem
862 2723 989 2791 petraeae
1002 2715 1105 2794 depre-

1 2843 2 2854 2
99 2797 121 2840 1¹
143 2793 207 2858 eris.
411 2835 413 2837 -
470 2795 473 2802 '
673 2807 674 2810 ’
785 2798 788 2806 ’
1005 2797 1007 2804 “

76 2861 164 2931 'Cic
185 2867 328 2948 Equidem
348 2887 443 2950 neque
463 2870 530 2929 viris
549 2887 681 2940 vacuam,
701 2891 796 2950 neque
820 2871 934 2931 consilii
955 2879 1107 2949 expertem
1208 2925 1211 2930 .

62 2924 137 3006 banc
148 2951 296 3006 civitatem
305 2957 467 3025 putans,ut
476 2957 509 3007 tu
519 2967 594 3015 rere,
604 2951 624 3010 b
635 2959 704 3008 nate
716 2951 816 3028 AEgei,
826 2953 881 3009 ista
890 2951 1008 3010 molitus
1021 2970 1104 3024 sumr
1122 2953 1183 3023 ⁹49
1274 2955 1277 2972 ⁸

59 3015 108 3075 'ed
124 3029 195 3106 quia
219 3027 345 3086 sciebam
367 3029 515 3087 neminem
535 3030 641 3088 horum
661 3029 725 3089 iore
744 3031 863 3097 civium,
876 3031 926 3108 qui
940 3038 1024 3087 tanto
1036 3047 1107 3106 erga

22 3164 24 3168 Α
59 3101 292 3184 ⁰⁰nsanguineos
306 3123 385 3164 mens
397 3109 571 3166 accendatur
582 3106 689 3175 studio,
702 3120 736 3166 ut
749 3107 795 3166 vel
813 3109 886 3166 meis
905 3109 1038 3186 ingratiis
1056 3125 1107 3167 eos

98 3194 138 3260 re
159 3186 237 3243 velit.
278 3185 389 3244 Noram
410 3187 553 3261 praeterea
573 3185 723 3244 hominem
744 3187 917 3262 parricidam
940 3197 972 3244 et
997 3187 1106 3246 scelere
1133 3191 1135 3197 '
1210 3199 1213 3204 ·

52 3251 208 3393 [Quum
233 3263 270 3322 ab
292 3264 326 3321 iis
346 3274 496 3340 receptum
517 3281 578 3322 non
599 3265 645 3329 iri,
671 3283 725 3320 nec
746 3267 796 3341 qui
811 3267 927 3323 incestis
940 3285 977 3324 ex
997 3265 1106 3342 nuptiis
1122 3267 1183 3328 945

119 3359 169 3401 ros
188 3359 351 3418 procreasse
364 3350 530 3420 compertus
541 3344 587 3402 sit.
626 3341 729 3401 Talem
745 3343 801 3400 illis
814 3345 1108 3421 in'Areopagoeena-

54 3401 128 3501 (ΡΨ
142 3423 316 3500 'indigenam
336 3439 397 3478 esse
417 3439 537 3488 norams
552 3421 707 3498 prudentia
729 3422 884 3500 insignem,
899 3426 948 3500 qui
963 3441 1024 3482 nou
1036 3424 1106 3481 sinit

52 3471 232 3561 iurusmodi
255 3517 373 3558 errones
398 3501 432 3556 in
442 3499 497 3557 hac
520 3499 594 3558 urbe
620 3502 790 3571 conversari.
817 3501 1106 3578 -Quorumqquidem
1122 3501 1187 3579 959

49 3551 168 3636 fiducia
181 3578 256 3636 hanc
276 3578 403 3654 predam
425 3595 527 3655 capere
548 3597 700 3656 aggressus
720 3597 801 3638 sum:
825 3597 878 3637 nec
898 3582 938 3636 sic
952 3585 1051 3638 tamen
1064 3580 1107 3637 fe·

48 3633 175 3725 cis⁸em,
188 3659 244 3714 nisi
256 3657 402 3732 mihiipsi,
416 3659 574 3736 generique
587 3677 654 3715 meo
663 3658 739 3715 diras
749 3656 1122 3732 hicnoerbasinrpre'catus,
1171 3713 1172 3716 ,

47 3725 153 3793 “sete
176 3743 354 3814 quapropter
378 3733 486 3808 injuria
510 3737 666 3802 lacessituS,
692 3737 767 3793 hane
781 3736 909 3814 'aequum
935 3738 1035 3794 censui
1060 3741 1122 3795 re-'

38 3801 189 3872 ‘Pendere
202 3816 303 3872 vicem,
327 3813 375 3870 lra
387 3816 465 3872 enim
480 3831 540 3872 non
552 3817 729 3872 consenescit
737 3839 746 3886 3
768 3816 829 3871 sola
843 3811 936 3871 morte
948 3817 1106 3894 restingui·
1119 3813 1187 3894 „95⁵
1212 3867 1215 3872 .

42 3893 1121 4050 acrealiter?indiffinite,tillir,titillent:‘

39 4035 182 4132 Qum
208 4049 312 4107 reddit.
353 4049 502 4117 Attamen,
522 4051 733 4128 qualiacunque
753 4050 853 4108 futura
872 4050 931 4108 sint
953 4061 1004 4112 tua
1020 4049 1121 4121 facta‚‘

99 4135 120 4176 1
134 4126 185 4184 hac
196 4133 282 4200 aetate
295 4147 369 4196 sum,
382 4145 437 4205 per
448 4131 576 4201 conabor
588 4131 705 4188 referre.
1030 4165 1034 4174 ·
1073 4197 1075 4202 ,
1120 4129 1122 4138 ⁴
1266 4201 1268 4204 Ι

38 4271 39 4278 ¹
88 4195 195 4264 QED.
215 4206 254 4263 0'
269 4207 469 4288 impudentem
490 4208 656 4266 audaciam!
683 4217 783 4288 utrum
806 4207 991 4296 proscindere
1011 4211 1104 4285 putas,
1122 4215 1184 4292 969

37 4266 153 4343 Μ
168 4303 281 4362 senem
305 4303 346 4352 an
368 4297 398 4349 te
417 4289 514 4376 ipsum
536 4288 614 4351 hisce
635 4288 790 4374 conviciis?
801 4289 863 4375 ,qui
882 4287 955 4385 mihi
973 4278 1109 4380 senesci
