2730 4830
237 313 301 376 aaa
462 285 507 370 .’
590 305 926 384 runocrsrss.
1031 383 1032 390 Ν

160 491 222 553 910
274 477 384 540 PHIL.
404 477 457 538 Vir
475 481 533 547 hic,
546 481 670 540 nisime
685 484 800 542 animus
812 483 897 551 fallit,
910 479 1080 560 proditurus
1092 503 1142 547 me
1153 485 1277 556 videtur,
1285 532 1321 564 x

228 577 342 634 meque
355 557 403 616 hic
417 560 527 624 relicto,
540 563 688 622 soluturus
701 581 813 619 navem.
893 625 896 632 ,
921 561 927 569 ’
1039 627 1042 630 ,
1077 619 1080 624 ,
1312 565 1315 568 ’

276 637 421 696 ΝΕΟΡΓ.
440 637 529 696 Haud
541 640 675 715 equidem
688 648 718 696 te
731 641 833 698 relicto
840 664 856 710 ς,
869 639 971 704 sedne
983 660 1050 700 cum
1063 642 1167 702 dolore
1180 651 1233 701 tuo
1245 649 1335 708 tea

197 758 200 766 s
236 716 386 780 abducam,
401 718 449 772 hic
461 735 508 774 me
522 717 729 793 dudum-angit
740 727 851 778 metus,
882 767 883 770 ,

275 795 382 854 PHIL.
401 795 482 876 Quid
502 796 556 852 tibi
578 796 628 864 vis,
651 795 670 853 ὸ
691 797 743 861 fili,
766 798 905 855 obsecro?
927 799 1015 870 verba
1034 809 1086 858 tua
1106 819 1170 862 non
1192 801 1339 867 intel-1

160 905 162 908 ·
235 873 255 932 li
278 892 304 931 o.
1096 917 1105 930 .,

160 961 219 1020 915
256 892 420 1010 gNEOP'P,
442 951 525 1008 Nihil
543 957 573 1008 te
592 945 707 1008 celabo:
730 959 847 1028 oportet
858 948 944 1013 'enim
963 950 1001 1014 ad
1018 939 1186 1030 'l'rojam'te
1198 957 1363 1020 narii*

179 1063 181 1068 .
214 1037 304 1111 'gare
318 1032 355 1088 ad
367 1029 499 1097 Achivos,
513 1036 544 1086 et
555 1031 726 1090 Atridarum
738 1033 867 1090 classem.
962 1070 964 1074 -
1012 1073 1014 1076 -

273 1109 380 1168 PHIL.
403 1109 461 1166 Hei
472 1109 545 1166 mihi
556 1111 563 1165 !
586 1109 655 1186 quid
667 1109 785 1167 dixisti?

272 1187 418 1255 NEOPT.
438 1187 485 1244 Ne
498 1189 664 1264 ingemisce,
679 1190 846 1266 priusquam
859 1198 921 1249 rem
934 1191 1076 1250 didiceris,

272 1267 380 1324 PHIL.
400 1265 479 1328 Quid
492 1266 620 1324 discam?
659 1266 825 1329 Quidmihi
838 1269 933 1326 facere
947 1271 1065 1328 tandem
1079 1273 1181 1352 paras?
1218 1319 1222 1324 .

272 1344 422 1404 NEOPR
436 1345 569 1404 Primum
590 1343 707 1423 quidem
727 1347 813 1406 teab
832 1347 877 1404 his
896 1350 1036 1410 aerumnis
1053 1349 1189 1418 liberare,
1209 1357 1360 1422 tumr

158 1432 218 1488 990
232 1425 380 1503 proiectus
392 1430 490 1480 tecum
503 1421 599 1495 Trojae
612 1441 728 1499 campos
740 1424 897 1488 devastare.
1344 1446 1356 1452 ¹·

243 1507 245 1512 ’
272 1501 379 1561 PHIL.
400 1503 441 1559 Et
453 1503 508 1558 isia
521 1503 596 1559 serio
608 1503 703 1560 facere
715 1504 862 1579 cogitas?
1048 1551 1054 1572 ‚

180 1616 183 1623 ,
270 1581 416 1642 NEOPT.
436 1581 483 1638 Ita
503 1589 546 1638 est
567 1597 683 1656 prorsus
704 1599 835 1654 necessc3
858 1601 945 1660 quare
965 1583 1027 1642 haec
1046 1585 1168 1646 audiens
1187 1579 1353 1664 penzo

131 1697 132 1702 ¹
212 1697 214 1718 l
231 1679 322 1720 lraScl.

200 1729 203 1734 ’
270 1739 380 1806 PHIL.
401 1739 480 1796 Perii
498 1738 594 1803 miser,
612 1737 742 1814 proditus
761 1756 835 1796 sum·
876 1740 956 1802 Quas
975 1742 1187 1818 mihihospes„
1199 1743 1243 1800 ins
1286 1743 1336 1798 j.

231 1819 292 1877 dias
304 1819 413 1894 struis?
435 1817 523 1874 redde
536 1817 609 1874 mihi
620 1817 835 1892 quamprimum
848 1835 948 1878 arcum
961 1830 990 1878 et
1001 1823 1133 1897 sagittas.
1313 1879 1315 1882 ,

156 1903 215 1960 925
269 1896 414 1956 NEOPT.
434 1897 473 1953 At
493 1894 656 1962 nonlicet:
679 1897 894 1976 magistratibus
914 1899 993 1962 enim
1008 1900 1175 1958 auscultare
1185 1908 1215 1956 et
1225 1899 1330 1956 fads

125 2031 126 2034 ,
230 1975 551 2050 mecogitetutilitas.¹
722 2023 723 2028 ,
806 2023 810 2034 ,,
1151 2031 1154 2042 ³

101 2079 107 2092 ·
180 2084 186 2092 ·
270 2054 377 2123 PHIL.
398 2054 425 2110 O
445 2054 521 2130 ignis
541 2061 584 2118 tu,
598 2060 635 2122 et,
648 2059 742 2111 terror
761 2071 868 2118 merus,
879 2054 1128 2134 pessimarumque
1148 2057 1322 2114 astutia-

229 2151 296 2192 rum
316 2133 421 2190 artifex
439 2132 618 2216 invisissime‚
639 2133 734 2208 qualia
756 2133 829 2190 mihi
848 2131 956 2190 fecisti!
981 2135 1086 2212 quibus
1106 2153 1155 2194 me
1175 2130 1321 2192 lusisai
1359 2173 1361 2178 .

228 2207 318 2270 dolis!
334 2211 411 2270 ‚Non
423 2217 453 2267 te
466 2209 659 2285 dispudetme
672 2211 852 2287 intueri-'qui
863 2211 901 2270 ad
912 2229 1010 2287 genua
1022 2222 1073 2282 tua
1085 2215 1240 2289 provoluto
1247 2225 1314 2272 Ξ,

154 2294 214 2352 930
229 2291 349 2366 supplex
371 2299 440 2346 tuus
460 2289 553 2346 factus
574 2307 651 2358 sum,
671 2289 690 2346 ὃ
710 2289 862 2364 improbe?
887 2291 1031 2356 abstulisti
1054 2293 1129 2350 mihi
1147 2293 1315 2350 victum,

169 2405 170 2408 =
228 2379 329 2444 erepto
348 2385 425 2424 arcu.
459 2366 577 2442 Redde,
597 2367 717 2424 obsecro
736 2374 776 2437 te,
796 2367 893 2434 redde,
908 2387 1015 2448 quaeso,
1035 2371 1095 2427 fili:
1117 2379 1170 2446 per
1188 2369 1311 2430 usos

204 2465 213 2478 ,
230 2448 337 2522 patrios
350 2463 412 2516 oro,
427 2446 584 2514 victumne
597 2443 801 2506 mihiauferas.
829 2445 900 2504 ,Hei
918 2448 992 2512 mihi
1010 2449 1134 2508 misero!
1161 2503 1165 2520 ,
1175 2446 1215 2506 At
1226 2457 1309 2504 Ειθ

151 2527 209 2584 935
228 2525 344 2603 quidem
357 2525 479 2600 amplius
489 2541 540 2585 me
552 2523 718 2600 alloquitur,
729 2525 788 2589 sed,
799 2531 832 2602 ut
845 2531 927 2594 arma
939 2544 1089 2604 nunquam
1099 2528 1304 2586 amissurus,

226 2601 331 2660 avertit
343 2603 465 2660 vultum.
478 2602 514 2668 Ο
527 2609 637 2676 portus,
653 2604 671 2658 ὀ
684 2603 882 2676 prominentes
895 2605 1014 2678 scopuli,
1028 2605 1047 2660 ὁ
1059 2599 1299 2678 montanorum

225 2682 355 2741 ferarum
367 2672 565 2752 contubernia,
580 2680 599 2737 o
612 2687 767 2755 praerupta
783 2678 882 2756 rupes,
895 2682 974 2738 vobis
993 2684 1056 2741 haec
1069 2702 1176 2762 queror
1182 2709 1191 2756 ;
1212 2695 1294 2740 nes

225 2762 335 2818 minem
356 2760 435 2818 enim
453 2759 543 2816 alium
563 2759 640 2824 novi,
653 2760 701 2815 cui
720 2759 839 2834 loquar:
861 2760 938 2835 apud
951 2778 1000 2818 vos
1020 2771 1176 2836 praesentes
1194 2775 1287 2818 con·-

149 2833 208 2899 940
223 2847 377 2919 suctosque
390 2839 462 2897 mihi
474 2837 603 2912 deploro,
617 2837 712 2916 qualia
724 2837 755 2894 in
768 2856 816 2894 me
829 2839 956 2896 facinora
973 2839 1135 2929 designavit
1147 2836 1281 2900 scholis

224 2918 317 2976 filius:
336 2911 452 2989 juratus
464 2933 495 2972 se
507 2915 701 2988 abducturum
714 2934 762 2972 me
774 2916 905 2982 domum,
918 2917 955 2975 ad
966 2916 1088 2991 TroJam
1110 2924 1158 2978 me
1173 2919 1271 2992 abdu-
1323 2953 1324 2956 =

223 2999 280 3054 cit:
302 3013 442 3077 arcusque
455 3012 545 3068 meos,
558 3012 638 3052 sacra
651 2993 709 3052 divi
721 2993 859 3070 Herculis
869 3013 960 3060 arma,
974 3013 1046 3072 quos
1066 2998 1175 3056 dextrae
1193 2997 1260 3054 data
1361 3026 1365 3046 2

148 3075 207 3136 945
223 3076 280 3146 fide
293 3075 412 3152 accepit,
423 3082 501 3131 nunc
513 3072 634 3139 detinet,
648 3079 736 3151 atque
749 3073 861 3148 Argivis
873 3073 937 3130 vult
949 3082 1107 3134 ostentare:
1123 3085 1257 3152 tanquam

222 3156 248 3212 si
259 3153 386 3221 validum
398 3154 518 3227 cepisset
531 3152 635 3224 uirum,
649 3152 675 3208 vi
689 3169 736 3208 me
748 3151 875 3218 abducit,
889 3170 943 3222 nec
955 3153 1010 3222 scit
1026 3151 1090 3228 jam
1110 3151 1363 3232 mortuum'1

221 3251 253 3291 se
265 3232 437 3296 interlicere,
449 3239 499 3287 aut
512 3229 587 3287 fumi
599 3237 714 3304 captare
727 3230 872 3296 umbram,
885 3249 987 3288 vanam
1001 3232 1171 3310 imaginem.
1191 3232 1250 3290 Non
1341 3231 1345 3236 ’

146 3345 148 3350 s
221 3305 302 3369 enim
314 3328 362 3368 me
375 3311 505 3386 cepisset,
518 3310 542 3366 si
563 3309 634 3366 milri
648 3309 721 3364 vires
740 3309 863 3385 integrm
883 3307 1013 3372 fuissent,
1029 3313 1146 3388 quand-o
1166 3311 1250 3369 ne‘sic

221 3381 339 3468 qu'idem
352 3386 602 3462 affectum'capere
622 3388 726 3460 potuit,
740 3387 796 3443 nisi
815 3385 891 3444 dolo.
931 3387 1021 3445 Nunc
1040 3400 1141 3450 autem
1160 3389 1250 3449 fraude

147 3471 206 3529 950
221 3469 358 3544 deceptus
383 3485 449 3530 sum
475 3467 580 3532 miser„
611 3465 690 3527 Quid
712 3466 819 3540 agam?
853 3468 895 3524 At
916 3465 1014 3533 redde,
1041 3487 1156 3544 quaeso:
1183 3485 1252 3526 nunc
1344 3492 1365 3499 ‘¹

207 3541 208 3544 ’
220 3547 340 3606 demum
353 3546 390 3603 ad
403 3543 529 3603 indolem
544 3549 625 3616 tuam
638 3543 708 3600 redi.
741 3543 820 3605 Quid
833 3544 894 3606 ais?
916 3547 1014 3602 taces?
1036 3547 1139 3622 Occidi
1151 3547 1253 3606 infelix.

220 3625 248 3683 Ο
264 3627 384 3702 gemina
402 3632 504 3701 patens
522 3622 585 3680 fore
603 3639 700 3698 rupes,
713 3639 812 3680 rursus
829 3631 859 3678 te
878 3622 980 3680 subibo
994 3625 1122 3698 inermis,
1136 3627 1201 3684 cibo
1212 3643 1255 3683 oa-

82 3701 84 3705 ’
136 3696 203 3762 '955
220 3721 304 3761 rens:
326 3721 429 3770 verum
446 3701 626 3759 extabescam
638 3701 694 3757 hoc
707 3701 739 3757 in
751 3708 836 3758 antro
848 3702 935 3766 solus,
950 3719 1004 3759 nec
1016 3713 1175 3780 praepetem
1188 3724 1256 3783 pen·

129 3835 131 3840 .
219 3783 265 3840 nis
284 3800 375 3846 artem,
398 3799 451 3840 nec
468 3775 655 3838 monticulam
676 3779 768 3840 feram
788 3780 901 3856 sagittis
920 3780 997 3838 hisce
1020 3783 1190 3859 configens:
1211 3785 1259 3842 sed

219 3862 280 3936 ipse
293 3862 381 3920 miser
393 3867 526 3920 mortuus
538 3857 674 3933 praebebo
686 3875 781 3916 escam
792 3857 827 3932 iis
840 3876 858 3914 a
871 3858 974 3934 quibus
994 3862 1131 3935 pascebar
1151 3865 1259 3935 modo,

218 3947 249 3998 et
272 3957 330 4006 me,
350 3954 422 4016 quas
445 3946 531 3996 antea
555 3937 689 4003 venabar,
712 3932 775 4014 jam
796 3936 978 3994 venabuntur
1002 3938 1087 4010 ferae5
1116 3942 1260 4020 caedisque

143 4021 204 4080 960
218 4035 319 4095 poenas
330 4017 407 4088 caede
419 4017 499 4078 luam
514 4017 600 4072 miser
617 4033 691 4090 mea,
704 4015 787 4072 istius
807 4032 905 4088 opera,
919 4033 1007 4092 quem
1024 4019 1165 4094 putabam
1185 4023 1261 4079 nihil

128 4105 129 4110 ’
217 4114 301 4156 nosse
321 4096 399 4154 mali.
438 4095 542 4152 Pereas
562 4093 703 4159 nondum,
718 4101 874 4170 antequam
893 4095 1002 4152 scivero
1022 4114 1061 4154 an
1080 4102 1261 4172 sententiam

215 4181 381 4242 mutaturus
394 4173 451 4230 sis:
472 4172 518 4229 sin
532 4173 638 4238 min-us,
651 4189 751 4246 pereas
764 4171 850 4230 male.
1122 4189 1123 4192 ¹

255 4252 319 4322 CH,
340 4251 419 4322 Quid
438 4251 569 4318 facimus,
590 4249 611 4330 ll
628 4251 698 4318 rex?
720 4250 822 4327 utique
844 4266 933 4328 penes
954 4259 983 4330 tp
1002 4261 1056 4326 est,
1075 4262 1176 4314 utrum
1194 4253 1262 4330 jam

198 4335 394 4436 ,navigemus
407 4348 447 4399 aa
459 4326 547 4402 hujus
559 4331 612 4394 viri
626 4329 757 4408 precibus
770 4327 940 4392 adunamus.
975 4341 977 4356 “
1001 4349 1003 4354 ·
