2760 4824
289 683 934 876 Js‘osnocn'ts

287 1051 290 1057 -
347 943 849 1100 -ιιιιιοιιιιιιι
1049 1101 1053 1108 ,
1127 1039 1131 1048 ·

120 1513 243 1638 nnus
249 1495 400 1640 Lruus
422 1577 540 1656 quidem
566 1579 622 1638 hoc
642 1585 686 1636 est
705 1575 883 1638 erreumnuae
905 1577 990 1639 tens
1011 1579 1128 1649 mnas,

76 1658 262 1734 mortalibus
282 1673 336 1720 nec
355 1657 459 1716 'tritum
479 1675 533 1716 nee
553 1657 727 1725 habitatum,
740 1659 800 1726 ubi,
814 1657 832 1716 b
851 1667 933 1734 patre
952 1660 1129 1728 Achivorum
1171 1709 1173 1716 .

75 1735 247 1828 fortissimo
263 1747 353 1803 crete,
369 1737 487 1810 Achillis
505 1736 558 1804 fili,
582 1735 786 1811 Neoptoleme,
806 1737 978 1800 Meliensem
1001 1739 1163 1810 Poeantis
1147 1759 1165 1793 ι

73 1824 191 1875 natum
209 1812 308 1889 jussus
321 1835 344 1872 a
366 1813 496 1892 Regibus
518 1816 638 1891 exposui
658 1833 715 1894 ego
735 1815 816 1884 olim,
837 1816 905 1874 tabo
926 1819 1074 1887 fluentem,
1092 1839 1162 1878 ex

81 1893 189 1954 ulcere
211 1895 314 1976 pedem
335 1893 523 1970 depascente:
547 1913 638 1972 quum
658 1911 712 1952 neo
731 1893 872 1952 libamina
888 1897 945 1954 aris
967 1899 1128 1978 imponere,

80 1973 188 2066 neque
204 1985 270 2031 exta
291 1983 412 2050 tangere
435 1974 538 2050 quietis
559 1973 641 2030 nobis
661 1973 772 2040 liceret,
792 1973 842 2029 sed
862 1983 924 2031 tota
949 1983 1042 2033 castra
1064 1967 1194 2036 diruto
1239 2047 1240 2050 Ἴ

83 2051 188 2110 omine
200 2045 334 2128 impleret
347 2053 480 2129 querelis,
494 2043 621 2110 clamans
634 2068 748 2127 semper
761 2069 948 2130 gemensque.
988 2053 1046 2111 Sed
1058 2055 1185 2132 quid

78 2128 152 2190 baec
163 2129 271 2190 frustra
283 2131 433 2208 memoro?
468 2131 583 2206 Quippe
596 2131 691 2208 longis
703 2129 884 2187 sermonibus
897 2131 976 2189 haud
990 2149 1061 2207 opus
1074 2141 1129 2201 est,

81 2225 124 2268 ne
137 2210 248 2267 venisse
261 2211 318 2272 me
316 2209 369 2266 hi'c
381 2201 496 2276 sentiat,
510 2209 650 2288 dolusque
663 2210 758 2267 omnis
772 2208 955 2276 subvertatur
974 2212 1057 2278 mihi,
1070 2231 1132 2305 quo

79 2305 134 2347 me
154 2287 240 2346 illum
261 2297 330 2348 mox
349 2297 503 2364 capturum
523 2289 657 2346 arbitror.
697 2285 768 2346 Tuae
788 2305 856 2344 uero
876 2297 972 2364 partes
995 2299 1073 2357 sunt,
1097 2292 1132 2348 in
1149 2289 1185 2345 15

83 2367 192 2424 ceteris
213 2375 248 2424 ut
268 2367 437 2438 subservias,
459 2365 648 2445 dispiciasque
669 2365 790 2440 ubinam
812 2368 859 2424 hic
881 2367 919 2426 sit
942 2370 1078 2444 gemino
1088 2371 1133 2430 sic
1183 2379 1187 2388 '

82 2453 192 2522 patens
204 2447 279 2503 ostio
291 2455 381 2526 petra,
396 2455 431 2504 ut
442 2445 539 2503 hieme
551 2453 675 2524 utraque
686 2445 766 2502 sedes
775 2445 869 2503 solem
882 2448 1017 2522 excipiat,
1030 2455 1130 2507 aestate

42 2543 56 2554 ·
84 2541 160 2580 uero
170 2533 305 2614 apertum
318 2527 456 2602 utrinque
469 2531 587 2582 antrmn
600 2535 751 2618 permeans
763 2541 834 2583 aura
848 2541 965 2582 somnos
985 2527 1077 2584 cisat:
1099 2535 1129 2585 at
1144 2521 1185 2589 90
1271 2551 1274 2556 -
1302 2559 1305 2568 -

82 2599 224 2678 paulluni
242 2601 319 2660 inira
333 2604 387 2661 ad
403 2605 504 2662 iaevam
524 2603 620 2660 ridere
638 2595 729 2682 possis
750 2619 832 2681 aquae
853 2595 982 2679 limpidae
1006 2603 1160 2674 fontem,

79 2681 242 2758 siquidem
240 2683 325 2744 haud
345 2679 471 2748 'evanuit
510 2681 642 2740 Silentio
652 2690 681 2738 te
701 2683 802 2739 confer
821 2681 858 2739 ad
877 2683 932 2738 ista
951 2679 1025 2750 loca,
1043 2694 1137 2764 atque

82 2760 162 2820 mihi
175 2759 319 2828 renuntia,
333 2770 435 2822 utrum
448 2761 507 2820 iilic
520 2767 558 2818 an
571 2759 639 2826 alibi
654 2749 781 2826 habitet,
795 2771 829 2824 ut
842 2761 1028 2819 consiliorum
1048 2780 1130 2820 meo·

83 2855 156 2898 rum
166 2840 249 2918 quod
256 2837 386 2934 superest
400 2840 573 2900 predicente
587 2833 737 2944 percipias,
749 2841 973 2938 communique
965 2841 1136 2948 amborum
1144 2837 1183 2898 95
1300 2907 1302 2914 .

81 2919 224 2994 operasti
237 2914 348 2984 exitum
361 2915 631 2996 perducantur
640 2927 690 2944 ··’
764 2923 791 2938 ”·
827 2947 831 2956 ν

124 2995 272 3055 ΝΕΟΡΓ.
293 2993 384 3064 Haud
401 2999 490 3074 longe
510 2997 624 3063 absunt,
640 2989 692 3056 r'e'x
711 2995 821 3074 Ulysse,
835 3015 900 3073 quae
920 3015 968 3056 me
987 2995 1172 3088 inspicere

85 3072 195 3150 jubes:
216 3075 322 3138 videor
327 3075 406 3134 enim
419 3089 548 3152 specum,
562 3075 681 3166 qualern
689 3061 797 3142 dixisti,
810 3077 915 3136 videre

125 3152 241 3213 ULYS.
262 3151 402 3232 superne,
415 3149 607 3214 aniniernei
622 3157 775 3216 nonenim
787 3156 928 3213 discerno
1037 3169 1039 3174 ·

115 3229 271 3296 nutius.
290 3233 379 3293 iilum
391 3249 533 3310 superne
555 3251 610 3291 nec
621 3233 690 3292 ιιιιι
693 3235 807 3324 vestrgu
819 3238 1022 3310 apparet
953 3239 1032 3292 nota.
1166 3301 1170 3309 ⁸
1268 3287 1269 3300 ,

124 3306 242 3370 ULYS.
262 3305 335 3370 Vide
348 3331 421 3371 num
434 3303 672 3384 ιιιιιιιιιειιιιιιιιιιι
685 3307 840 3372 (lambiens.
923 3323 924 3326 ’
950 3323 952 3332 “
1143 3319 1184 3374 30

121 3385 275 3448 ΝΕΟΡΤ.
291 3385 427 3450 Vacuam
427 3377 642 3454 habitationem
655 3385 748 3458 iideo,
762 3390 813 3449 ubi
827 3385 914 3449 nenio
926 3398 971 3448 est
983 3389 1120 3447 homo.¹

124 3467 242 3526 ULYS.
262 3467 387 3547 Neque
378 3460 458 3527 rntbs
471 3476 624 3546 apparatus
636 3479 680 3529 est
692 3469 769 3529 ullus
778 3469 895 3526 cibus?

71 3540 79 3562 ¹
123 3545 271 3608 ΝΕΟΡΤ.
291 3548 441 3608 Substrata
453 3550 529 3607 foliis
541 3550 657 3628 hurum,
671 3553 705 3608 ut
716 3550 842 3627 cuipiam
856 3547 896 3607 ibi
908 3544 1067 3618 incubanti.

123 3623 242 3684 ULYS
261 3627 403 3684 Ceterane
414 3635 484 3693 ιιιιιι
494 3643 591 3694 sacua
600 3625 820 3706 necquidquam
828 3623 966 3684 ultrasub
977 3625 1124 3682 tectoest²
1180 3619 1187 3635 “

106 3703 434 3774 ·Nuorr.1>ocu111m
454 3705 499 3765 est
517 3725 533 3763 e
552 3706 634 3786 ligno
652 3713 796 3786 cavatum,
803 3706 898 3780 prasi
919 3721 989 3760 sane
1009 3703 1126 3764 artificis
1142 3715 1195 3768 35
1204 3771 1206 3776 Ι

35 3803 38 3808 ·
82 3797 170 3864 opus,
181 3797 298 3860 unaque
310 3785 373 3842 baec
385 3785 497 3848 focalia.
982 3837 985 3844 .
1157 3839 1159 3844 .

50 3895 52 3900 ·
124 3861 240 3920 ULYS.
242 3804 325 3929 qViri
337 3869 431 3934 totam
443 3863 651 3980 supellectilem
663 3879 761 3921 narras
774 3863 903 3921 scilicet.

98 3925 275 4002 ΝΕΟΡΤ.
293 3941 389 4009 Eheu,
402 3943 497 4001 eheu!
526 3943 671 4000 Praeterea
689 3941 738 4000 hic
757 3943 902 4000 siccantur
920 3939 1009 4040 laceri
1027 3939 1127 4030 panni,

86 4018 176 4086 foeda,
189 4027 224 4077 ut
236 4020 358 4092 videtur,
372 4023 452 4080 sanie
465 4021 555 4097 pleni.

123 4087 593 4176 ULYS.1’iane1nbiscelocis
612 4099 657 4157 vir
676 4099 798 4165 habitat,
818 4105 905 4178 atque
925 4096 1040 4158 alicubi
1050 4096 1127 4160 haud
1143 4107 1184 4158 40
1225 4143 1226 4146 ,

80 4176 189 4253 procui
203 4176 292 4236 abest.
330 4177 391 4253 Qui
405 4179 484 4236 enim
497 4180 587 4236 veteri
600 4177 704 4236 morbo
716 4178 820 4271 pedem
833 4176 1179 4272 aegerprogrediatur

80 4255 221 4332 longius?
256 4256 314 4314 Sed
325 4259 391 4314 vel
382 4275 414 4314 ιιι
426 4257 526 4348 pabuli
535 4266 707 4318 consuetam
719 4259 799 4316 viam
804 4257 888 4322 exiit,
903 4258 946 4311 vei
959 4254 1090 4320 herbam,
1103 4253 1129 4314 si

72 4351 173 4414 ,quam
187 4335 268 4393 novit
279 4335 398 4405 alicubi,
412 4335 490 4420 qua
481 4335 563 4396 sedet
582 4335 706 4400 dolores,
720 4341 881 4410 carpturus.
921 4331 1012 4391 Hunc
1031 4333 1129 4410 itaque
1142 4339 1184 4394 ⁴5
1234 4341 1263 4384 ⁸

125 4429 213 4477 vor..
230 4433 274 4480 ιι.
352 4429 353 4432 ’
599 4421 697 4536 as.

5 4447 17 4550 ι.
