2760 4824
484 277 636 374 1111111-
818 415 820 418 Ι
985 317 1077 416 ‘ree

64 475 141 540 cir.
160 475 203 542 Ut
216 479 265 540 dat
279 477 369 546 Deus,
382 471 503 558 quisque
516 480 590 538 ridet
603 485 633 538 et
648 480 750 556 plorat.

64 559 129 618 ΑΙ.
138 559 286 618 ,1111111111
306 577 374 618 eum
395 563 483 618 modo
502 571 601 618 coram
620 568 802 638 praesentem,
822 559 949 640 quamvis
969 559 1011 617 ita
1029 560 1072 618 st·-

50 638 149 696 actus!
171 639 220 696 hei
233 639 322 698 mihil
1039 641 1063 704 ,¹
1089 647 1149 706 385

70 715 141 776 CH.
162 717 209 775 Ne
223 719 292 795 quid
305 717 380 775 elate
394 716 508 775 dixeris.
548 721 595 777 An
610 725 639 774 te
651 715 739 794 fugit,
754 735 812 794 quo
825 735 855 774 es
868 717 899 774 in
909 717 1007 774 maloi
1066 791 1067 796 η

70 795 131 854 AJ.
152 797 181 852 0
205 797 331 871 Jupiter,
352 793 496 867 majorum
522 815 655 854 meorum
678 799 855 873 progenitor,
874 791 986 855 utinam
1006 813 1072 870 per·
1143 811 1145 816 ‘

50 880 136 948 npto
146 871 349 954 loquacissimo
368 873 419 932 illo
431 876 523 932 inviso
546 879 713 951 impostore,
725 877 906 952 geminisque
920 876 985 933 neci
998 876 1072 932 datis
1090 884 1150 942 390
1185 899 1187 904 ’

50 952 163 1028 agibus,
177 955 237 1030 ipse
251 952 369 1012 demum
384 963 508 1010 mortem
522 951 674 1030 oppetam!

73 1029 196 1090 TECM.
217 1033 342 1095 Quando
361 1033 418 1088 ista
434 1034 610 1109 imprecaris,
623 1033 708 1089 simul
722 1043 751 1090 et
773 1033 843 1090 mihi
856 1039 981 1090 mortem
994 1043 1072 1108 opta.

50 1110 117 1166 tuid
129 1112 207 1168 eninr
222 1129 269 1168 me
283 1111 377 1168 vivere
389 1121 513 1186 oportet,
527 1119 556 1170 te'
572 1113 707 1169 mortuo?
1129 1127 1145 1142 ¹·

74 1187 129 1246 At.
148 1190 176 1246 Ο
189 1189 294 1266 caligo,
314 1208 380 1247 mea
392 1190 453 1256 lux,
475 1191 633 1248 otenebrae
647 1191 726 1254 Orci,
740 1205 806 1246 meo
826 1187 943 1266 q'uidem
963 1189 1071 1259 animo,
1090 1204 1149 1260 395
1250 1206 1256 1212 ·

50 1267 230 1334 ecidissimae,
244 1269 389 1342 suscipite,
409 1271 543 1346 suscipite
557 1287 603 1328 me
624 1267 758 1332 incolam,
773 1269 907 1343 suscipite
921 1285 976 1325 me.
1013 1265 1072 1323 Ne-

50 1361 96 1402 ue
111 1350 188 1405 euim
203 1347 344 1412 Deorum,
363 1366 457 1425 neque
476 1349 640 1406 mortalium
651 1348 862 1424 genusintue'ri
875 1347 981 1424 dignus
996 1364 1073 1416 sum,

50 1423 188 1484 rutilium
205 1422 269 1497 jam
289 1425 408 1502 perinde
429 1427 511 1483 mibi.
550 1428 666 1501 Quippe
679 1439 727 1484 rne
741 1423 819 1482 lovis
836 1439 999 1502 praepotens
1013 1425 1073 1486 tilia
1091 1439 1151 1492 400

50 1499 188 1562 loecem
209 1523 299 1581 usque
319 1505 473 1562 excruciat.
513 1506 581 1568 Quo
602 1507 692 1582 igitur
713 1505 901 1581 confugiam?
934 1523 992 1584 quo
1011 1523 1072 1564 ma-

50 1598 125 1639 sam
137 1584 220 1640 loco?
243 1581 383 1658 siquidem
397 1585 500 1641 occidit
514 1585 634 1643 ultionis
646 1597 711 1659 spes
723 1599 782 1640 una
795 1601 862 1641 curn
875 1585 919 1642 bis
931 1585 1010 1641 cresis
1022 1604 1072 1660 pe·
1090 1587 1148 1660 405

50 1661 172 1729 edibus,
197 1662 351 1738 stultaeque
373 1681 421 1720 me
443 1663 572 1738 applicui
604 1663 767 1719 venationi:
802 1661 864 1719 lieri
898 1681 965 1720 vero
996 1663 1073 1724 haud
1112 1721 1116 1738 ,

50 1748 143 1806 nest,
157 1742 227 1818 quin
248 1741 305 1798 tela
325 1742 356 1798 in
376 1760 423 1798 me
436 1754 629 1818 contorquens
648 1741 798 1798 universus
811 1745 953 1800 exercitus
967 1759 1014 1801 me
1028 1747 1073 1802 in-

50 1819 171 1875 frliciat.

70 1895 198 1954 'tucn
219 1893 287 1954 Heu
301 1915 348 1953 me
362 1895 513 1954 miseram!
538 1883 658 1954 Taliaoe
680 1899 773 1956 virum
795 1897 960 1959 consultum
984 1899 1073 1979 loqui,
1092 1903 1153 1964 410

50 1987 106 2034 1ae
118 1994 267 2052 uunquam
281 1978 462 2032 sustinuisset
475 1977 619 2032 antehac?
719 1973 721 1980 ’
1215 1987 1217 1992 ’

68 2054 129 2112 nt.
151 2055 179 2110 0
192 2055 244 2114 llu-
251 2056 271 2110 ii
284 2057 315 2110 iu
335 2071 414 2112 mare
427 2051 565 2119 lebenter,
579 2063 720 2130 antraque
739 2054 895 2120 maritima,
908 2063 938 2111 et
949 2056 1075 2118 litoralia

50 2142 153 2201 tecua,
167 2127 266 2209 longo,
277 2135 366 2209 longo
379 2142 521 2207 tempore,
531 2133 638 2210 diuque
650 2149 696 2188 ure
714 2132 877 2208 detinuistis
888 2133 925 2190 ad
937 2133 1071 2209 'l'rojam3
1091 2145 1150 2198 415

88 2216 161 2270 enim
173 2231 234 2270 non
246 2213 370 2284 amplius
384 2213 482 2268 vitales
494 2224 660 2286 carpentem
673 2211 757 2267 auras
770 2213 921 2270 tenebitis:
945 2214 1000 2272 boc
1010 2220 1074 2294 qui·
1118 2241 1119 2244 ¹

50 2299 152 2370 [nque
165 2292 240 2365 sapit
253 2292 334 2350 seito.
373 2290 401 2345 0
415 2291 580 2348 Scamandri
594 2291 687 2349 vicina
705 2285 824 2358 fluenta,
838 2291 976 2350 benevola
990 2297 1073 2372 Argi-
1092 2300 1152 2356 420

50 2381 94 2434 Β,
105 2371 180 2428 baud
200 2371 322 2443 amplius
336 2370 429 2426 virum
443 2371 520 2426 hunc
533 2367 676 2434 videbitis,
689 2365 814 2444 qualem,
828 2372 984 2446 superbum
1005 2376 1074 2451 quid
1127 2395 1129 2400 ’

50 2464 142 2528 Sam.
158 2450 305 2506 neminem
318 2444 408 2518 Troja
427 2449 457 2503 in
476 2450 605 2505 exercitu
619 2449 689 2505 vidit
704 2457 780 2505 terra
800 2449 963 2523 profectum
976 2447 1075 2518 Helle·
1091 2456 1150 2511 425

50 2535 123 2585 lca:
146 2546 224 2586 nunc
236 2545 303 2582 vero
316 2527 506 2583 inhonoratus
519 2527 592 2584 adeo
603 2525 733 2599 abjectus
742 2523 835 2596 jaceo.
877 2587 878 2590 ,

82 2607 144 2666 CH.
165 2607 229 2664 Nec
239 2603 289 2683 qui
307 2606 467 2678 cohibeam,
482 2623 535 2662 nec
548 2606 599 2684 qui
613 2617 642 2663 te
655 2607 725 2664 talia
736 2604 831 2664 dicere
844 2607 937 2670 sinam
950 2611 1074 2686 reperio,

51 2696 102 2744 [111
114 2686 251 2762 gravibus
264 2684 444 2760 implicatum
457 2685 547 2742 neniis.

78 2766 134 2823 AJ.
155 2765 203 2830 Αἱ,
216 2761 259 2821 ni!
286 2763 358 2823 Quis
371 2779 499 2840 unquam
512 2769 640 2838 putasset
652 2763 726 2838 fore,
739 2773 773 2821 ut
785 2772 846 2822 tam
858 2767 1000 2824 concinne
1013 2785 1075 2826 mn·
1090 2761 1151 2825 430

51 2855 74 2902 s
86 2843 160 2902 meis
179 2843 347 2916 conveniret
360 2858 468 2898 nomen
488 2844 609 2900 meum?
643 2841 732 2900 Nunc
753 2844 833 2900 enim
852 2843 942 2912 adest,
955 2863 1010 2904 cur
1032 2849 1075 2905 bis

51 2925 195 2982 eclamera
208 2929 239 2978 et
252 2930 297 2978 ter
313 2938 345 2978 111
367 2938 415 2976 ru:
438 2922 526 2978 tantis
539 2922 678 2978 nimirum
696 2929 793 2978 versor
806 2923 836 2978 in
851 2923 944 2982 malis.
984 2923 1075 2998 Cujus

51 3013 122 3062 ater
133 3020 172 3058 ex
184 2999 238 3057 hac
249 3000 313 3074 ipsa
331 2998 408 3056 ldaea
429 3004 516 3065 terra,
529 2999 614 3056 rebus
627 3001 732 3057 eximie
747 3001 837 3076 gestis
848 3019 962 3060 summa
974 3017 1075 3061 nactus
1092 3004 1150 3066 435

51 3083 175 3144 raemim
193 3078 316 3136 domum
334 3078 430 3143 rediit,
457 3079 614 3136 maximam
640 3087 790 3154 reportans
820 3081 955 3155 'gloriam
1010 3081 1074 3159 Ego
1137 3091 1138 3094 ’

51 3179 107 3222 ero
133 3159 212 3217 illius
242 3157 328 3221 tilius,
348 3157 398 3232 qui
423 3155 547 3214 eandem
571 3156 608 3213 ad
633 3153 754 3228 'frojam
778 3161 844 3215 veui
864 3160 941 3217 haud
962 3162 1074 3218 minore

51 3239 161 3303 obore3
201 3253 294 3311 neque
326 3234 488 3292 minoribus
512 3234 598 3291 rebus
630 3253 720 3292 manu
751 3239 850 3314 gestis,
881 3239 1074 3298 inhonoratus
1090 3240 1151 3296 440

51 3318 156 3399 egiris
178 3316 219 3372 ita
238 3330 335 3390 pereo.
374 3314 465 3390 Atqui
484 3314 540 3370 hoc
561 3311 663 3371 saltem
686 3331 740 3389 pro
765 3325 845 3373 certo
866 3318 938 3373 scire
966 3317 1074 3377 videor.
1136 3323 1140 3334 '

51 3405 59 3460 i
85 3399 174 3469 vivps
198 3393 326 3450 Achilles
353 3390 390 3449 de
411 3392 471 3448 suis
500 3394 562 3468 ipse
585 3394 673 3451 armis
695 3389 840 3466 judicium
870 3395 993 3464 tulisset,
1014 3398 1076 3472 pal-

51 3478 166 3540 iarium
191 3472 312 3536 virtutis,
325 3469 494 3529 addicturus
511 3473 609 3537 alicui,
631 3489 718 3529 nemo
740 3491 774 3530 ea
802 3491 863 3549 prae
882 3491 929 3531 me
954 3473 1076 3551 adeptus
1108 3513 1110 3518 ,

51 3559 151 3621 risset.
189 3545 278 3610 Nunc
290 3568 371 3622 vero*
380 3558 483 3608 contra
495 3551 652 3608 machinati
671 3560 740 3608 sunt
752 3552 872 3619 Atride,¹
886 3563 920 3610 ut
933 3553 1076 3629 versipelli
1093 3556 1152 3611 445

51 3659 57 3698 t
72 3633 224 3694 scelerato
237 3629 349 3686 homini
359 3628 552 3704 traderentur,
565 3630 735 3705 posthabitis
748 3631 891 3707 preclaris
904 3631 1075 3693 meisfactls.
1137 3639 1139 3644 ’

52 3727 69 3776 t
85 3713 150 3772 nisi
162 3709 195 3766 hi
213 3708 291 3765 oculi
303 3717 391 3784 atque
408 3709 586 3766 transversus
598 3711 714 3768 animus
726 3710 765 3776 ab
784 3709 911 3788 eoquod
928 3720 989 3768 erat
1003 3713 1076 3772 mihi

51 3801 191 3856 scretum
203 3788 393 3853 aberrassent,
406 3785 484 3845 haud
496 3787 619 3862 amplius
632 3788 675 3846 illi
686 3786 775 3846 talem
788 3789 963 3846 sententiam
975 3800 1078 3850 contra
1093 3792 1154 3846 450

51 3881 218 3950 umquam
231 3863 327 3923 essent
342 3865 437 3924 laturi.
478 3866 625 3953 Sedenim
646 3865 814 3924 terrificeet
835 3867 979 3926 indomita
997 3871 1078 3928 Jovts
1169 3889 1171 3893 ·

51 3957 97 4014 tia
110 3943 247 4006 dextram
256 3941 320 4016 jam
341 3945 398 4002 illis
418 3961 465 4002 me
487 3946 681 4003 intentantem
693 3946 726 4001 in
744 3958 872 4003 errorem
885 3945 1010 4016 induxit,
1022 3951 1078 4008 int-

52 4035 128 4091 risso
147 4023 245 4086 furiali
267 4022 380 4091 morbo,
402 4039 461 4100 quo
482 4031 574 4089 actus,
586 4023 730 4100 pecudum
750 4025 854 4084 hatum
876 4025 954 4082 erede
973 4035 1078 4086 cruen-

52 4110 101 4172 rvi·
124 4121 238 4162 manus.
277 4101 325 4159 llli
346 4119 414 4160 vero
437 4119 514 4159 nunc
538 4120 585 4159 me
607 4101 739 4169 irrident,
765 4104 864 4180 elapsi,
888 4121 936 4162 me
959 4107 1078 4182 quidem
1093 4101 1152 4159 455

52 4189 142 4258 evito.
182 4181 239 4240 Sed
244 4181 277 4259 ⁸si
299 4179 457 4256 praepediat
469 4180 550 4238 Deus
562 4180 674 4257 aliquis,
688 4183 919 4257 prestantiorem
931 4186 1020 4243 etism
1033 4187 1077 4261 ig·
1186 4177 1187 4180 ’

52 4260 130 4338 avus
144 4261 247 4338 fugiat.
286 4257 375 4316 Nunc
394 4259 486 4336 igitur
508 4256 577 4335 quid
591 4271 707 4334 oportet
725 4277 773 4321 me
794 4261 899 4326 iacere,
917 4265 968 4339 qui
985 4265 1079 4321 mani-
1138 4263 1140 4268 '

52 4351 110 4404 >ste
133 4339 199 4398 Diis
211 4337 319 4397 invisus
331 4355 407 4402 sum,
428 4355 516 4415 quem
528 4337 591 4396 odit
612 4339 783 4398 Graecorum
798 4341 1013 4407 exercitamur
1034 4342 1079 4400 in-

540 4619 548 4648 1
570 4545 691 4649 elme

567 4665 582 4693 ο
591 4655 666 4706 'lim
673 4685 686 4712 3

473 4775 479 4788 ·
577 4724 677 4803 ¹‘'lrrs*
