2730 4830
398 307 400 312 ’
445 295 669 408 anactea.
995 343 1076 432 ese

62 505 205 576 QLYTJ
215 511 372 580 Quidnam,
385 511 488 589 hospes
499 514 508 570 1
522 515 587 572 dic:
601 514 703 570 missus
715 509 794 571 enim
806 511 843 571 ab
852 512 955 580 amieo,
968 515 1073 581 amica,

18 599 87 650 at
98 597 168 659 scio,
181 594 311 651 dicturus
324 609 354 649 es
362 592 460 648 rerba.

69 670 184 730 IPAED.
202 671 340 729 Mortuus
353 679 396 726 est
409 660 669 729 Orestesztremin
681 687 772 748 pauca
783 669 910 729 confero.
1009 720 1016 731 ,
1047 703 1052 722 t

73 749 143 808 En.
164 747 234 806 Heu
247 767 293 806 me
306 747 459 806 miseram!
481 750 554 824 perii
567 749 663 806 bodie.
937 785 940 788 -

70 827 195 886 cLY'r.
215 821 294 889 Quid
313 828 364 889 ais.
378 826 447 904 quid
459 827 510 894 ais,
524 828 644 904 hospes?
659 831 697 884 ne
709 829 783 896 hanc
795 825 872 886 audi.
1089 827 1147 890 676

68 905 183 965 PAED.
205 905 325 962 Periisse
337 905 540 963 Orestenuiico
553 923 640 969 nunc,
654 915 689 964 ut
700 913 731 964 et
741 908 828 981 p'rius.

72 983 143 1043 En,
164 983 266 1042 Occidi
279 984 383 1040 misera
395 985 527 1058 penitus:
547 986 669 1059 amplius
678 980 742 1056 jam
754 985 833 1042 nulla
844 1000 918 1042 sum.

72 1063 195 1121 CLYT.
215 1061 261 1118 Tu
274 1079 336 1118 rem
357 1071 440 1119 tuam
452 1079 523 1138 age:
544 1057 580 1120 tu
591 1081 667 1129 vero,
681 1064 793 1140 hospes,
811 1079 910 1119 verum
922 1061 969 1118 dic
990 1060 1073 1127 mibi,

19 1153 95 1217 quo
109 1143 199 1217 periit
212 1141 307 1198 modo.

26 1234 51 1252 ·'
74 1221 184 1279 PAED.
204 1219 292 1295 Atqui
315 1218 368 1275 hac
392 1221 488 1294 gratia
507 1220 613 1282 missus
638 1239 713 1284 snm,
740 1237 859 1296 remque
879 1215 934 1274 tibi
957 1233 1075 1275 omnem
1090 1217 1150 1274 680

27 1283 194 1357 manebo.
206 1297 305 1358 Quum
319 1297 397 1351 enirn
411 1296 459 1354 ille
473 1299 593 1354 venisset
602 1297 639 1355 ad
652 1297 861 1355 nobilissimum
874 1297 993 1353 Graeciae
1006 1313 1075 1372 corr-

45 1386 175 1444 uentunn
189 1375 346 1450 Delphicas
360 1385 476 1451 propter
497 1377 589 1443 ludos,
601 1377 687 1434 simul
708 1395 741 1432 ac
753 1376 860 1434 audivit
872 1375 949 1432 clara
966 1391 1075 1450 praeco·

47 1457 84 1513 nis
97 1473 170 1514 voce
184 1470 300 1512 cursum
312 1453 409 1538 ineici,
423 1471 481 1529 quo
489 1456 620 1528 primum
633 1455 768 1512 contendi
780 1455 862 1520 solet,
875 1454 1019 1529 ingressus
1032 1463 1074 1510 est
1091 1453 1150 1508 685

46 1534 219 1611 splendidus,
234 1531 424 1606 omnibusque
437 1533 486 1608 qui
498 1533 618 1590 aderant
629 1533 832 1612 admirandus:
847 1549 964 1590 emenso
976 1541 1076 1590 autem
1138 1601 1139 1604 Ἴ

44 1619 124 1684 tanta
148 1612 296 1680 celeritate
308 1609 409 1676 stadio,
423 1623 457 1666 ut
479 1611 556 1670 inter
576 1625 702 1669 carceres
718 1619 749 1668 et
771 1618 878 1668 metam
901 1611 948 1667 iix
968 1609 1077 1687 aliquid

42 1692 128 1766 spatii
141 1707 203 1746 esee
216 1688 370 1751 videretur,
384 1704 513 1763 egressus
526 1695 582 1756 est,'
591 1707 738 1748 summum
751 1690 875 1747 victorie
897 1688 984 1745 decus
996 1688 1076 1746 aufe-

44 1787 128 1827 rensz
150 1777 237 1844 atque
245 1771 283 1824 'ut
294 1765 390 1842 multa
408 1769 505 1841 paucis
518 1759 701 1844 complectar,
716 1785 775 1825 non
788 1767 861 1839 alius
874 1766 927 1826 viri
940 1766 1010 1823 talia
1024 1783 1077 1824 no-

44 1847 170 1909 rifacta,
185 1863 238 1902 neo
261 1846 318 1900 tale
342 1843 439 1902 robur.
480 1845 580 1918 Unum
600 1855 696 1904 autem
717 1848 807 1904 scito:
829 1849 1078 1922 quorumcumque
1093 1843 1152 1901 690
1233 1910 1237 1916 ,

44 1927 123 1984 enim
146 1926 339 1982 certaminum
360 1940 378 1979 a
396 1923 531 1982 ludorum
552 1924 665 1982 arbitris
689 1923 798 1981 indicta
819 1925 899 1980 fuere
919 1940 973 1998 pro
995 1939 1077 1982 more
1171 1956 1175 1960 -

44 2003 240 2082 quinquertio,
254 2003 509 2060 horumomnium
524 2004 614 2060 victor
632 2004 759 2060 maximo
772 2004 874 2079 plausu
895 2001 1077 2071 renuntiatus
1156 2007 1157 2010 ’
1242 2029 1245 2038 ,

44 2090 98 2149 est,
111 2083 213 2140 beatus
226 2081 262 2138 ab
274 2077 408 2138 omnibus
417 2081 597 2155 predicatus,
610 2082 733 2157 Argivus
746 2081 861 2158 quidem
875 2081 1077 2155 proclamatus,
1170 2117 1173 2120 -

44 2163 166 2220 nomine
178 2167 277 2216 autem
297 2157 422 2224 Orestes,
436 2157 661 2235 Agamemnonis
679 2160 764 2226 titius,
778 2159 855 2216 illius
876 2157 1078 2234 quiinelytum
1093 2157 1153 2214 695

45 2238 252 2297 olim'Graeo'iae
263 2238 628 2314 congregavitexercitum.
660 2237 702 2294 Et
715 2238 776 2295 haec
797 2237 912 2314 quidem
928 2239 970 2294 ita
988 2243 1076 2294 sunt:

46 2319 153 2374 sivero
165 2315 246 2372 Deus
263 2314 326 2392 quis
348 2314 515 2390 praepediat,
536 2335 573 2374 ne
590 2311 728 2391 prestans
751 2316 867 2392 quidem
889 2317 993 2374 robore
1006 2313 1077 2373 effu-
1176 2317 1194 2357 κ’

45 2413 116 2472 gere
129 2395 234 2471 possit:
266 2393 418 2452 Illeenim
430 2401 547 2470 postero
566 2395 623 2462 die,
636 2413 726 2472 quum
740 2397 852 2452 oriente
871 2395 932 2451 soie
945 2394 1078 2454 commit&
1136 2415 1137 2418 ¹

46 2474 173 2532 tendum
184 2479 258 2530 esset
273 2471 357 2530 velox
370 2479 502 2547 equestre
520 2480 675 2546 certarnen,
688 2476 833 2550 ingressus
845 2479 888 2531 est
900 2490 968 2531 cum
980 2473 1078 2530 multis
1095 2471 1157 2533 700

47 2553 165 2628 aurigis.
206 2551 289 2609 Unus
307 2556 370 2609 erat
390 2547 524 2618 Achivus',
537 2569 613 2610 unus
634 2571 651 2609 e
672 2551 784 2628 Sparta,
797 2552 857 2610 duo
878 2550 979 2628 Libyes
1001 2550 1080 2610 docti

48 2627 347 2708 quadrijuges-currus
359 2645 472 2704 regere,
484 2630 602 2707 quintus
614 2633 674 2707 ipse
692 2629 841 2688 Thessalos
853 2630 960 2688 discens
980 2629 1078 2708 equos,

46 2717 195 2768 sextus-ex
204 2707 393 2766 AEtolia'cum
406 2707 484 2765 flavis
503 2710 746 2786 equis,'septimns
758 2710 802 2766 vir
811 2709 988 2786 Magnesiae,
1002 2718 1080 2766 octa·
1095 2705 1155 2767 705
1200 2747 1202 2752 ·

47 2807 99 2846 vus
112 2786 185 2844 albis
196 2803 264 2844 cum
280 2790 360 2863 equis
381 2786 491 2844 AEnian
507 2803 626 2864 genere,
640 2803 734 2846 nonus
746 2787 783 2846 ab
802 2787 923 2864 Athenis
942 2785 1080 2846 divinitus

47 2865 183 2942 conditis,
196 2865 319 2942 denique
330 2865 472 2932 Boetius,
484 2864 586 2923 decern
601 2863 739 2924 curruum
752 2867 899 2943 complens
915 2883 1079 2942 numerum.
1101 2927 1103 2936 χ

49 2945 169 3004 stantes
184 2952 292 3009 autem,
316 2945 366 3002 ubi
385 2945 542 3021 unicuique
560 2943 665 3001 delecti
685 2945 822 3002 ludorum
834 2944 968 3020 presides
987 2944 1080 3003 ductis
1091 2938 1156 3016 [710

50 3022 177 3082 sortibus
187 3021 285 3079 locum
306 3025 530 3100 assignaverant,
544 3039 658 3099 quoque
676 3023 851 3090 collocarent
873 3022 1082 3089 oniine‚simul
1149 3031 1152 3038 ⁴

50 3119 84 3160 ac
96 3101 169 3160 tuba
180 3100 296 3176 signum
309 3101 399 3167 dedit,-
412 3110 580 3175 erupenmt,
603 3102 808 3175 increpitantes
832 3117 929 3177 equos,
942 3101 1081 3158 habenas·

50 3196 108 3257 que
121 3188 286 3257 quassantes
309 3181 461 3250 manibus3
483 3185 578 3236 toturn
600 3177 777 3255 completum
797 3187 860 3236 erat
872 3180 997 3238 stadium
1008 3187 1082 3237 stre·

50 3259 116 3334 pitu
128 3257 334 3332 crepitantium
349 3253 750 3333 eurruum,pu1visinattum
763 3258 996 3334 glomerabatur3
1023 3275 1082 3316 nna
1097 3249 1156 3312 715
1247 3301 1248 3308 1

50 3339 153 3393 omnes
162 3336 239 3394 inter
246 3353 276 3391 se
285 3337 440 3403 commisti,
448 3336 571 3393 stimulis
580 3336 656 3393 haud
667 3337 832 3411 parcebant,
843 3345 876 3392 ut
884 3337 958 3394 alter
964 3335 1082 3402 alterius

51 3422 131 3472 rotas
143 3415 354 3490 trementesque
369 3432 458 3492 equos
470 3421 673 3490 praeverteret:
688 3431 814 3492 namque
821 3416 944 3474 conferti
954 3416 1021 3492 equi
1034 3415 1083 3472 alii

50 3493 362 3568 aliorumaurigarunr
381 3496 412 3551 in
425 3500 508 3569 terga
529 3501 714 3570 rotarumque
726 3486 834 3551 orbitas
853 3495 985 3569 spumam
998 3493 1083 3550 fervi·

50 3571 162 3648 desque
173 3571 332 3630 fundebant
344 3573 437 3630 flatus.
480 3571 530 3628 ille
550 3581 649 3629 autern
668 3571 722 3648 snb
742 3569 874 3630 ultimam
894 3577 1003 3628 metam
1019 3567 1082 3644 jam
1097 3561 1159 3625 720
1212 3640 1214 3644 Ι

51 3667 171 3706 cunum
193 3667 291 3726 agens,
305 3653 422 3726 propius
443 3647 617 3727 propiusque
629 3649 799 3708 admovebat
820 3649 981 3706 modiolum
1000 3659 1081 3714 rotae,

50 3727 202 3804 funabque
215 3728 251 3784 ad
264 3728 393 3786 dextram
407 3745 482 3804 equo
494 3728 619 3786 habenas
637 3728 747 3793 laxans,
759 3729 909 3785 sinistrum
920 3727 1082 3786 cohibebat.

49 3800 94 3864 Et
108 3808 163 3863 hac
176 3804 292 3884 quidem
304 3813 388 3863 tenus
401 3806 473 3864 recti
486 3823 585 3863 omnes
598 3816 743 3866 steterunt
755 3823 872 3864 currus:
900 3805 1005 3867 deinde
1015 3805 1091 3865 vero.

50 3883 187 3944 AEnianis
200 3884 253 3942 viri
264 3892 454 3952 contumaces,
468 3885 589 3962 durique
601 3887 659 3942 oris
677 3885 744 3962 equi
765 3901 882 3954 currum
896 3885 923 3939 vi
939 3885 1083 3954 auferunt,
1099 3869 1159 3938 ⁴725
1208 3885 1212 3894 “

23 4029 24 4032 ¹
45 3971 84 4025 et
97 3982 134 4021 ex
146 3962 274 4028 adverso,
282 3981 372 4039 quum
385 3972 482 4020 sextias
491 3960 555 4034 jam
566 3965 762 4039 septimusque
774 3964 964 4020 conficeretur
976 3981 1085 4032 cursus,

36 4044 164 4102 'frontes
177 4043 343 4117 impingunt
365 4041 489 4118 Libyssis
502 4042 666 4118 quadrigis:
689 4052 775 4118 atque
796 4043 863 4099 inde
888 4057 947 4099 uno
959 4061 995 4106 ex
1008 4044 1086 4114 malo

49 4121 127 4180 alius
147 4121 236 4178 alium
259 4121 418 4197 confringit
439 4130 469 4177 et
481 4117 683 4196 superincidit:
712 4130 791 4196 totus
804 4138 872 4177 vcro
893 4120 1020 4196 repletus
1042 4130 1086 4179 est

47 4197 386 4274 curulibus-naufragiis
419 4199 541 4258 cineus
571 4216 699 4273 campus.
751 4199 841 4260 Quen
862 4197 913 4255 ubi
937 4199 1086 4274 conspexit
1101 4187 1162 4249 73⁰
1271 4243 1272 4248 1

46 4278 239 4339 Atheniensis
252 4275 494 4354 callidus-auriga,
509 4287 592 4334 extra
603 4277 727 4360 orbitarn
747 4278 927 4354 deflectitret
939 4277 1022 4335 frena
1041 4277 1087 4334 in·

34 4357 145 4427 hibet,
159 4355 229 4413 dum
241 4355 461 4430 praetervehitur
470 4363 632 4433 equestrem
646 4356 801 4430 procellam
811 4357 843 4414 in
855 4356 952 4428 medic
964 4353 1087 4414 'aestuan-
