2730 4830
259 312 325 374 aas
493 387 496 397 ¹
670 299 895 368 eudorus.

154 488 155 492 ’
259 475 375 553 Apollo,
396 473 581 534 intulerimus
603 475 750 542 libamina,
770 481 802 531 et
820 483 917 536 tonsas
936 473 1041 532 vertice
1060 491 1160 532 comas
1183 467 1357 536 tumulo!

258 555 493 636 imposuerimus,
506 556 563 615 hue
575 563 761 617 revertemur,
775 554 909 612 manibus
921 555 1048 612 ferentes
1061 571 1168 611 aeream
1181 571 1299 619 urnam,
1308 593 1354 622 n

206 641 246 698 55
261 651 349 711 quam
366 634 421 690 scis
439 642 470 689 et
490 634 551 708 ipse
572 634 604 690 in
626 633 759 768 suffultis
779 632 987 691 alicubinobis
1003 631 1143 698 abditam,
1157 641 1192 689 ut
1204 630 1357 690 fallacii

150 723 151 726 ’
259 711 665 787 sermonedeoeptislaetuma
687 711 1357 785 cramusnuutium,pcriirsemeumempus,-

164 793 165 796 ’
261 798 411 848 motum
423 788 487 861 jam
509 797 535 847 et
553 794 582 846 in
601 793 698 850 cineris
717 792 866 846 redactum.
904 789 1147 852 Quid'euimhoc
1161 788 1357 846 mihido—

206 877 247 932 60
260 871 329 941 leat,
341 869 456 946 quando
467 869 559 926 verbis
569 878 700 926 mortuus
707 886 739 926 re
748 870 810 944 ipsa
819 869 921 934 vivam,
931 868 1111 944 gloriamque
1122 867 1319 940 reportabo?

210 989 212 992 -
259 965 364 1007 censeo
376 949 454 1004 enim
468 947 579 1004 dictum
592 947 706 1018 nullum
725 965 786 1004 esse
801 946 877 1005 male
891 946 1063 1024 ominatum,
1078 945 1164 1023 ,quod
1183 946 1315 1004 lucrum

260 1026 369 1085 afferat.
408 1026 526 1101 Quippe
544 1023 615 1098 jam.
625 1027 729 1102 sepius
741 1026 803 1084 eidi
814 1025 903 1083 etiarn
915 1026 1067 1100 sapientes,
1079 1031 1213 1082 mortuos
1226 1025 1310 1082 falso

206 1111 245 1170 ⁶5
260 1106 361 1172 dictos,
374 1105 424 1182 qui
440 1123 533 1181 quum
552 1105 674 1164 domum
685 1104 806 1169 rediere,
820 1105 912 1180 magis
931 1104 1067 1160 honorati
1078 1103 1210 1162 fuerunt.
1253 1104 1297 1162 Ita

260 1194 290 1241 et
302 1201 350 1242 me
362 1182 477 1240 confido
489 1202 525 1240 ex
537 1183 591 1240 hac
610 1183 687 1241 fama
699 1183 852 1248 viventem,
867 1190 901 1239 ut
912 1182 1000 1248 sidus,
1013 1181 1198 1240 obfulsurum
1219 1190 1297 1256 post-

73 1266 76 1273 '
182 1321 184 1326 ,
259 1263 314 1321 hac
326 1262 449 1319 inimicis
462 1261 543 1320 meis.
581 1262 758 1336 Atbpatria
773 1270 860 1327 terra,
877 1260 984 1339 Diique
1001 1259 1154 1337 indigetes,
1174 1262 1299 1336 excipite

259 1359 307 1400 me
319 1341 414 1398 fausto
427 1341 524 1398 omine
535 1339 681 1407 reducem,
695 1349 785 1416 tuque
803 1339 822 1396 d
837 1337 965 1414 ‘paterna
979 1339 1099 1396 domus:
1121 1339 1207 1395 venio
1220 1341 1300 1398 enirn
1351 1353 1354 1356 ·

204 1429 246 1488 70
259 1439 278 1478 a
289 1419 354 1478 Diis
366 1419 517 1494 impulsus,
530 1428 563 1475 ut
577 1419 739 1494 repetendis
753 1419 893 1480 scelerum
906 1419 999 1493 poenis
1011 1426 1041 1474 te
1054 1418 1187 1491 expiem:
1203 1435 1299 1495 neque

259 1515 307 1557 me
325 1499 535 1555 inhonoratum
556 1496 694 1554 dimittite
714 1516 749 1554 ex
769 1498 823 1554 hae
843 1503 936 1565 terra3
958 1495 1007 1553 sed
1026 1496 1141 1561 efficite,
1155 1503 1189 1552 ut
1209 1498 1303 1556 avitas

258 1575 493 1652 opespossidens
514 1584 608 1650 stator
626 1575 695 1646 fiam
717 1575 828 1648 domus.
869 1575 909 1632 Et
926 1575 988 1632 haec
1008 1575 1129 1652 quidem,
1146 1575 1302 1634 hactenus.
1328 1578 1350 1642 ’,

259 1655 327 1726 Tibi
339 1665 407 1729 reto
415 1651 600 1728 jamrsenex,
613 1673 689 1712 curas
702 1656 740 1712 sit
752 1654 835 1712 eunti
847 1661 931 1712 tuum
943 1661 978 1711 ut
991 1653 1155 1730 exsequaris
1170 1671 1300 1714 munus:

204 1741 315 1800 7511oe
334 1750 402 1798 vero
418 1733 576 1798 exibimus:
599 1735 709 1792 occasio
727 1733 805 1790 enim
825 1732 916 1802 adest,
935 1750 1000 1809 quae
1019 1733 1173 1790 hominum
1196 1736 1303 1816 emptis

258 1812 394 1872 omnibus
406 1813 517 1884 optima
529 1822 572 1868 est
584 1807 721 1884 adjutrix.
895 1871 901 1880 ,

297 1891 358 1948 En
381 1889 438 1948 Hei
452 1890 524 1948 mihi
536 1890 663 1964 miserae!
759 1887 767 1924 '·
823 1887 825 1892 ’
1056 1949 1058 1952 ,
1246 1941 1249 1947 .

196 1988 198 1994 '
259 2021 264 2028 .
296 1969 398 2026 PAED.
419 1967 459 2038 Et
470 1967 586 2044 quidem
599 1969 674 2027 risus
687 1987 754 2028 sum
767 1967 942 2028 famularum
958 1967 1084 2046 aliquam
1102 1968 1303 2044 suspirantem

227 2111 231 2126 ,
257 2049 334 2106 intra
345 2047 539 2114 aedesaudire,
553 2045 571 2103 o
585 2047 636 2106 lili.
662 2113 665 2121 ,
1096 2105 1099 2110 ,

203 2126 244 2183 80
296 2126 361 2184 OR.
381 2125 462 2246 Npm
469 2127 581 2204 misera
592 2137 636 2184 est
647 2125 785 2185 Electra?
805 2125 846 2183 vis
862 2124 912 2183 hic
925 2144 1103 2204 maneamus,
1121 2135 1151 2182 et
1168 2126 1305 2185 lamenta

257 2206 424 2264 audiamus.
677 2236 679 2240 ·
855 2243 857 2246 -
980 2259 981 2264 ,
1244 2245 1245 2248 ¹

296 2282 400 2352 PAED.
418 2283 552 2345 Minime.
596 2277 697 2358 Rebus
713 2282 777 2340 aliis
799 2281 932 2356 omnibus
954 2282 1134 2359 posthabitis,
1153 2277 1306 2359 Apollinis

256 2357 337 2433 jussa
355 2365 642 2456 conemurjexsequh
666 2359 747 2424 hisce
765 2364 898 2439 praeverti
918 2363 1010 2429 decet,
1030 2363 1162 2438 patrique
1181 2363 1304 2424 inferias

105 2459 106 2462 ¹
203 2440 370 2498 sefacere:
391 2441 447 2499 ista
458 2460 538 2514 enlm
557 2441 707 2516 uictoriam
726 2440 809 2498 nobis
827 2440 987 2506 conferent,
1001 2448 1224 2518 coeptorumque
1237 2443 1306 2500 feli·

75 2569 79 2578 r
173 2529 178 2534 ’
259 2520 458 2577 cemexitum.
529 2549 541 2582 ,·
834 2519 857 2582 J
1129 2529 1130 2532 ’
1228 2527 1235 2538 “
1296 2529 1298 2536 “

193 2651 194 2656 ,
297 2597 360 2660 EL.
380 2598 408 2654 0
427 2598 478 2656 lux
496 2615 579 2674 pura,
600 2597 764 2677 terramque
786 2599 915 2658 ambiens
936 2598 1034 2673 spatiis
1057 2597 1218 2674 equalibus
1239 2605 1302 2666 ae't,

260 2693 347 2753 quam
360 2676 470 2740 multos,
478 2677 591 2735 sensisti
601 2695 680 2736 meos
689 2675 885 2736 lamentorum
896 2679 993 2744 lessus,
1004 2675 1176 2754 crebrosque
1186 2677 1303 2736 adversi
1345 2751 1346 2754 Ἴ

203 2758 243 2812 90
259 2756 382 2828 pectoris
391 2755 521 2830 planctus
530 2764 675 2832 cruentos,
685 2775 776 2835 quum
787 2775 846 2844 npx
859 2757 1011 2814 tenebrosa
1023 2753 1156 2812 recessitl
1172 2759 1215 2814 At
1229 2753 1302 2835 quid

258 2833 354 2910 longis
366 2835 500 2891 noctibus
512 2851 608 2910 agam,
622 2833 703 2892 novit
711 2832 774 2906 jam
787 2835 893 2893 invisus
906 2844 988 2892 torus
999 2850 1171 2892 aerumuosae
1181 2833 1300 2905 dom'us,

202 2911 240 2967 95
260 2920 437 2988 quantopere
445 2913 585 2974 miserum
591 2932 689 2972 meum
700 2911 815 2996 lugeam
826 2922 1040 2990 patrem,quem
1047 2913 1079 2970 in
1087 2912 1211 2989 barbara
1219 2923 1302 2973 terra

259 3007 320 3048 non
331 2990 412 3048 Mars
425 3002 546 3048 cruento
558 2993 670 3068 excepit
683 2992 823 3069 hospitio,
846 2993 898 3049 sed
917 2993 1010 3049 mater
1025 3010 1101 3054 mea,
1115 2991 1302 3072 thalamique

214 3141 216 3148 y
258 3085 375 3126 consors
387 3069 549 3146 AEgisthus,
563 3080 596 3128 ut
609 3089 747 3149 quercum
765 3071 858 3128 solent
874 3071 1000 3148 lignarii,
1018 3070 1060 3128 ita
1075 3065 1152 3127 illius
1164 3067 1299 3130 diffidere¹

185 3148 242 3200 100
258 3155 345 3222 ¹caput
357 3156 477 3213 eruenta
489 3149 590 3212 securi.
630 3147 695 3206 Nec
707 3163 881 3226 quenquam,
900 3160 1006 3223 praeter
1018 3157 1075 3214 rue,
1089 3147 1197 3206 horum
1211 3152 1301 3208 mise·

258 3235 313 3290 ret,
327 3232 367 3291 te,
379 3227 398 3283 ὂ
410 3237 503 3302 pater,
516 3239 577 3284 tam
589 3228 676 3293 feda,
689 3240 806 3305 tamque
819 3227 976 3286 miserabili
988 3243 1058 3284 nece
1070 3227 1227 3288 exstincto,
1260 3231 1302 3288 At

184 3303 240 3358 105
258 3321 327 3360 vero
338 3323 486 3380 nunquam
499 3306 752 3383 desinamlugere,
765 3307 939 3383 acerbosque
956 3299 1040 3363 fletus
1053 3303 1148 3371 edere,
1163 3306 1237 3365 dum
1251 3327 1300 3366 ru·

209 3435 211 3440 a
258 3375 486 3440 tilantiavidebo
498 3384 626 3442 siderum
643 3385 764 3448 lumina,
785 3387 917 3462 hancque
937 3381 1041 3448 videbo
1051 3383 1145 3441 lucem
1155 3409 1165 3455 3
1186 3386 1252 3455 sed,
1265 3396 1300 3446 ut
1319 3403 1320 3410 ¹

256 3461 378 3530 luscinia
390 3463 476 3537 pullis
489 3463 599 3529 orbata,
613 3473 681 3522 ante
696 3465 772 3524 fores
788 3465 893 3522 harum
911 3465 1096 3539 paternarum
1112 3460 1221 3521 sedium
1235 3463 1300 3540 eju*

184 3538 241 3594 110
256 3537 320 3597 lans
332 3549 432 3598 acutos
451 3541 586 3598 omnibus
605 3559 690 3598 sonte
710 3541 891 3616 profundam.
932 3540 1075 3600 O‘domus
1095 3541 1167 3598 Orci
1180 3553 1212 3600 et
1225 3542 1300 3601 Pto·-

256 3621 390 3694 serpinae.
403 3621 422 3676 ὁ
435 3618 576 3678 terrestris
599 3618 739 3686 Mercuri,
757 3630 787 3677 et
807 3619 930 3700 verenda
952 3615 1137 3694 imprecatio,
1157 3617 1300 3698 vosqueb

256 3711 360 3756 severae
369 3698 500 3756 Deorum
515 3699 580 3754 filiae
592 3697 745 3774 Erinoyes,
756 3719 819 3775 quae
830 3695 1019 3770 injustamece
1028 3705 1193 3778 peremptos
1206 3704 1301 3777 respi-

183 3773 238 3832 115
256 3777 330 3842 citis,
343 3793 407 3854 quae
419 3777 531 3834 fortius
544 3777 649 3852 stupris
661 3777 768 3850 alienos
780 3774 919 3846 violantes
930 3777 1081 3843 thalamos,
1087 3777 1202 3852 adeste,
1209 3783 1299 3855 opem

238 3853 339 3921 ferte,
353 3855 547 3935 ulcisciminor
568 3857 658 3930 patris
679 3853 787 3913 caedem
809 3857 910 3922 nostri,
932 3865 963 3913 et
979 3856 1053 3913 mihi
1066 3869 1164 3913 meum
1186 3855 1299 3930 mittite
1329 3913 1333 3918 .

169 3927 243 3986 'leo
255 3932 375 4008 fratrem
385 3955 395 4002 ε4
413 3936 474 3992 sola
485 3937 564 3993 euim
576 3935 700 4011 amplius
711 3933 831 3992 sufferre
843 3953 904 3994 non
914 3936 1002 4010 ,valdo
1014 3937 1146 3993 moeroris
1159 3937 1299 4012 ingraue-

243 4025 442 4072 scensonus:
1058 4035 1059 4040 ¹
1107 4025 1130 4038 ’·
1252 4029 1254 4036 ·

294 4083 359 4148 CH.
381 4089 450 4147 Heu
463 4087 531 4157 iilia,
540 4087 600 4150 lilia
610 4092 803 4153 audacissimae
813 4081 930 4150 Electra
940 4093 1050 4158 matris,
1061 4083 1131 4168 quid
1140 4083 1171 4174 t'e
1180 4103 1301 4170 semper

211 4235 214 4240 Ι
252 4168 294 4224 ita
307 4180 444 4234 maceras,
457 4171 637 4248 inexpletum
652 4173 759 4248 ,lugens
775 4169 858 4229 illum
870 4169 940 4228 olim
958 4169 1064 4236 dolosis
1076 4169 1174 4246 impie
1193 4175 1301 4231 matris

178 4245 235 4320 135
251 4239 361 4306 artibus
374 4256 499 4322 captum,
512 4241 714 4330 sceleratasque
734 4250 883 4324 proditum
904 4251 1007 4308 manui
1022 4247 1300 4326 Agamemnonem?

185 4333 203 4384 ’,
253 4319 372 4386 Utinam
385 4335 495 4402 percat,
509 4323 559 4406 qui
571 4325 625 4386 ista
637 4327 771 4404 patrarit,
784 4327 895 4391 simihi
908 4327 1138 4408 becopture²ies
1151 4327 1214 4386 esti
1279 4331 1289 4346 ⁴

914 4547 925 4576 li
