2858 4822
356 619 988 734 SOPHOCLIS

413 906 570 996 AJAX
602 853 923 996 muamus,

570 1152 784 1186 ⁶0*-

186 1360 274 1420 MlN.
299 1317 480 1420 SEMPER
491 1365 521 1416 te
534 1358 660 1436 quidem,
673 1357 692 1417 o
705 1358 748 1418 fili
760 1357 885 1429 Inertis
897 1367 1029 1440 satagere
1041 1365 1133 1432 video,
1149 1378 1183 1434 ut

97 1441 285 1502 Uolimen
298 1439 414 1518 aliquod
432 1440 560 1496 hostium
579 1439 741 1516 proripias:
764 1447 803 1527 at·
814 1456 894 1497 nunc
908 1441 945 1500 nd
957 1441 1054 1516 Aiacis
1067 1449 1183 1508 nautica

104 1527 246 1582 *astra
260 1519 312 1576 ubi
324 1520 479 1576 stationem
502 1524 661 1576 extremam
681 1524 772 1584 tenet,
789 1519 965 1596 jampridem
984 1532 1014 1580 te
1030 1527 1182 1602 conspicor

109 1603 300 1656 chantem
312 1607 342 1656 et
354 1597 525 1660 metientem
544 1597 672 1654 recentia
690 1597 767 1656 illius
786 1598 916 1674 vestigia,
938 1607 971 1658 ut
991 1602 1123 1678 dispicias
1134 1605 1216 1664 im

113 1683 229 1736 'tuens
241 1678 291 1742 sit,
303 1694 342 1734 an
358 1677 442 1735 foras.
463 1676 635 1751 Opportune
652 1692 721 1732 vero
738 1683 768 1733 te
787 1677 885 1736 educit
897 1684 1036 1756 tanquam
1048 1681 1180 1741 Incaenae

128 1758 223 1815 canis
234 1772 325 1832 sagax
337 1754 507 1830 vestigatio:
528 1753 607 1810 intus
628 1771 696 1810 vero
710 1750 775 1830 jam
788 1758 831 1810 vir
843 1755 890 1812 hic
902 1767 956 1825 est,
968 1770 1056 1834 caput
1068 1761 1180 1822 stillam
1199 1765 1237 1818 10

132 1835 247 1893 sudore
269 1843 300 1892 et
320 1851 424 1892 manus
443 1831 598 1890 ensicidas:
620 1831 749 1909 adeoque
769 1832 842 1890 nibil
862 1841 892 1892 te
908 1853 961 1910 per
973 1837 1048 1912 banc
1063 1849 1180 1914 portam

141 1915 266 1992 amplius
275 1913 462 1988 introspicere
470 1927 541 1986 opus
554 1919 614 1968 est=
629 1909 682 1968 ede
695 1910 784 1970 modo
793 1913 953 1990 quagrntia
962 1913 1092 1980 laborem
1101 1920 1179 1978 hunc
1228 1923 1232 1932 '

143 1985 1008 2132 litiii‘ttiiittl‘iiltittliim
1036 2076 1164 2154 qums
1198 2078 1234 2132 ω

141 2150 226 2207 cilern
248 2148 363 2226 agnitu,
385 2149 439 2206 etsi
460 2155 646 2224 conspectum
662 2145 798 2224 refugias,
818 2147 964 2225 loquelam
984 2158 1083 2210 tamen
1095 2163 1187 2226 tuam
1206 2189 1208 2196 ,
1229 2197 1231 2202 -

140 2228 261 2286 auribus·
270 2223 409 2303 percipio,
422 2233 451 2284 et
462 2225 590 2300 corripio
606 2237 715 2291 mente,
733 2233 768 2288 ut
780 2243 862 2296 aereae
874 2227 1042 2304 clangorem
1053 2225 1186 2308 Tyrrhe-i
1224 2231 1226 2234 ’

140 2307 211 2365 nicoe
221 2307 317 2370 tubae!
331 2305 370 2364 lit
381 2323 460 2372 nunc
473 2303 562 2381 probe
574 2305 663 2364 sensti
676 2305 714 2362 ob
723 2304 874 2364 inimicum
887 2307 981 2368 virum
994 2326 1041 2365 mc
1053 2310 1178 2376 cincun
1273 2367 1274 2374 ἵ

140 2386 197 2442 ire:
219 2382 342 2457 Ajacem
361 2384 427 2442 dico
448 2383 626 2448 scutiferum,
666 2383 783 2460 Quippe
802 2385 908 2460 ipsum,
928 2403 982 2444 nec
1002 2405 1178 2467 quamquam
1193 2390 1235 2452 20

139 2464 241 2532 aliurn,
254 2466 366 2541 vestigo
377 2463 497 2524 dudum.
523 2460 588 2518 Hac
601 2461 680 2520 enirn
692 2471 779 2526 nocte
791 2461 901 2530 foedum
912 2463 995 2528 nobis
1006 2465 1118 2532 facinus
1126 2487 1177 2544 pa.

139 2545 236 2609 travit,
245 2543 271 2601 si
284 2544 372 2600 modo
379 2542 450 2600 facti
461 2541 511 2597 ills
522 2547 623 2598 auctor
632 2547 686 2598 est.
707 2539 845 2618 Namque
855 2542 928 2608 nih'tl
939 2544 1045 2606 scimus
1055 2546 1177 2623 liquido,

139 2623 186 2679 sed
198 2640 342 2700 vagamur
352 2621 456 2679 incerti
466 2641 478 2680 ε,
494 2635 582 2695 quare
598 2636 655 2695 ego
671 2629 775 2694 sponte
790 2620 960 2696 explorandi
972 2625 1084 2701 stucepi
1095 2625 1178 2688 labo.

138 2716 207 2760 rem.
229 2701 321 2760 Pecus
333 2702 413 2760 enim
426 2715 513 2758 omne
526 2696 682 2772 predando
691 2697 845 2760 collectum
858 2698 946 2756 modo
954 2701 1117 2762 invenimus
1126 2705 1176 2763 ab·
1192 2707 1232 2762 25

137 2789 287 2856 sumptum
297 2788 327 2836 et
338 2777 582 2839 contrucidatum
592 2793 729 2833 unacum
740 2777 808 2852 ipsis
817 2778 915 2854 gregis
927 2779 1102 2841 custodibus.
1124 2783 1177 2842 At-

138 2861 184 2933 qui
197 2860 232 2916 in
244 2859 327 2916 illum
340 2858 455 2933 culpam
468 2869 569 2912 omnes
581 2854 751 2918 conterunt:
772 2855 929 2933 retulitque
942 2857 1015 2916 milri
1027 2867 1057 2916 et
1067 2859 1176 2919 indica.

136 2939 173 2997 tit
186 2954 268 2996 unns
285 2955 301 2994 e
320 2931 547 3012 speculatoribus
569 2950 599 2989 se
617 2933 704 3012 illum
719 2933 820 2992 vidisse
842 2951 895 3010 per
907 2951 1043 3010 campum
1062 2941 1176 3016 magnis
1190 2943 1232 3000 ³0

132 3017 335 3074 ambulantem
357 3013 487 3090 passibus
506 3012 611 3078 solum,
636 3023 703 3068 eum
725 3011 823 3087 gladio
845 3013 955 3070 recenti
974 3013 1051 3072 caede
1073 3017 1175 3080 tincto.

129 3088 299 3170 Persequor
310 3093 388 3162 illico
404 3095 504 3168 legens
519 3090 651 3166 vestigia,
665 3096 697 3146 ct
709 3089 840 3172 quaedam
852 3091 943 3168 signis
955 3091 1081 3156 indubiis
1094 3107 1175 3164 noto,

127 3171 307 3249 quibusdam
319 3189 388 3229 vero
400 3167 564 3246 perturbor,
577 3185 631 3225 nec
642 3164 710 3240 cuja
721 3168 780 3226 sint
792 3169 928 3248 colligere
941 3187 1026 3247 queo.
1071 3172 1175 3251 ltaque

122 3255 194 3312 tem
235 3251 262 3316 ri
271 3250 357 3316 ades:
373 3266 442 3310 nam
454 3257 489 3316 ut
501 3247 601 3312 omnin
612 3247 718 3334 priora,
732 3246 812 3305 itaet
825 3247 925 3312 futura
937 3259 966 3306 te
978 3248 1052 3308 duee
1063 3270 1173 3329 geram,
1190 3257 1229 3320 35
1253 3309 1254 3312 ,

210 3329 265 3388 ΙΝ.
284 3329 362 3388 Novi
373 3329 445 3395 baec,
459 3327 570 3402 Ulysse,
583 3332 614 3383 et
626 3324 804 3402 jampridem
822 3325 855 3390 in
871 3328 948 3392 viam
966 3328 1061 3404 prodii
1079 3338 1176 3389 custo„

115 3410 186 3474 tui,
202 3417 313 3484 tuoque
324 3407 423 3472 favens
435 3405 561 3466 venatui.
924 3435 928 3446 ι

111 3558 154 3627 h
169 3486 288 3548 ULYS.
307 3487 357 3544 An
370 3501 448 3553 reto,
460 3501 529 3546 cara
544 3483 673 3562 domina,
686 3489 849 3566 opportune
862 3489 973 3569 coeptus
985 3494 1029 3542 est
1041 3486 1114 3550 mihi
1126 3487 1175 3558 bic

111 3621 116 3628 .
154 3567 233 3625 bor?

101 3685 106 3692 -
167 3644 263 3707 MlN.
283 3643 453 3719 Quippinit
465 3658 556 3718 quum
568 3641 627 3703 sint
638 3639 715 3706 illius
728 3639 854 3704 bominis
868 3640 923 3703 ista
934 3641 1072 3705 lneinoru.
1159 3675 1161 3678 -

164 3723 286 3783 ULYS.
304 3723 441 3794 Quanam
452 3736 521 3778 vero
532 3719 628 3796 mutia
639 3720 775 3786 insanum
787 3719 822 3776 ad
836 3719 957 3786 modum
969 3721 1010 3790 sic
1027 3730 1173 3800 grassatus
1189 3735 1229 3796 40

113 3801 196 3864 nst?
379 3846 381 3852 .
531 3847 532 3852 ,

169 3879 260 3939 ΜΙΝ.
280 3880 329 3937 Ira
340 3878 468 3956 percitus
480 3876 518 3942 ob
530 3875 650 3938 Achillis
661 3893 743 3940 arma
754 3875 808 3934 sibi
821 3873 986 3954 ademptqw.

169 3956 285 4018 ULYS.
306 3960 367 4016 Cur
379 3957 471 4034 igitur
482 3957 515 4014 in
525 3971 631 4032 pecora
641 3953 710 4022 fecit
722 3954 885 4046 impetum?
905 3955 909 3964 ‘
928 3974 932 3981 ·
1039 3975 1065 4012 ·.

169 4036 259 4095 MlN.
280 4036 374 4094 Rams
386 4055 417 4092 se
427 4042 522 4093 vesus
533 4049 654 4092 monum
665 4031 880 4108 taedetmgere.

171 4114 285 4174 ULYS.
304 4115 518 4173 Moliebaturoe
531 4128 603 4188 ergo
615 4112 690 4168 hanc
702 4109 817 4188 Argivis
829 4115 955 4188 stragem
966 4114 976 4178 i

169 4193 258 4266 MlN.
278 4194 360 4255 Quin
371 4192 547 4270 perfecisset,
558 4191 582 4248 si
595 4189 785 4265 neglexissem
799 4205 864 4274 ego.
1187 4207 1227 4268 ⁴5

140 4283 145 4289 ”
183 4271 185 4276 V
218 4292 301 4346 V011·
319 4291 362 4347 ll·
503 4285 505 4288 Ι
642 4275 663 4342 2
681 4286 699 4328 c
900 4275 905 4278 ἱ
1067 4335 1069 4340 .
