2716 4830
196 225 284 352 ‘es
363 277 368 284 ·
458 297 461 303 -
517 259 518 266 ‘
600 260 969 346 marrus-nexa.

191 500 194 502 .
240 447 335 508 ustas
353 447 440 515 alitis,
454 447 536 504 ocius
547 445 616 523 igne
634 445 790 513 indefesso,
803 449 940 505 ruentem
953 443 990 502 ad
1003 439 1186 506 lirtm'inferi
1199 441 1293 517 Ditis,

176 523 369 607 180quorum
393 527 554 586 innumeris
574 525 724 584 funeribus
746 526 846 583 civitas
866 525 1055 582 exhauritur:
1074 521 1154 596 jacet
1175 528 1207 584 in
1226 530 1303 586 solo

242 607 427 668 cadaveribus
447 606 535 681 pleno
554 605 640 662 turba
659 605 811 662 indelicta:
834 613 944 678 mrptre,
962 621 1105 686 canaeque¹
1120 611 1241 673 matres,
1255 609 1295 667 sd

176 691 344 748 1850mnes
362 703 428 748 aras
445 686 511 754 alise
532 683 601 740 alibi
620 690 783 760 prostratae,
797 684 922 758 supplici
941 684 1054 740 ululatu
1074 685 1294 762 gemitibusque

194 767 196 772 ‘
242 765 334 822 finem
345 765 474 838 tristium
488 761 632 820 malorum
646 770 767 838 petunt:
790 759 904 820 ferrent
925 763 1021 819 iterati
1034 775 1159 838 paeanes,
1172 763 1294 826 flebilis-

205 901 206 904 ,
242 863 300 921 que
312 843 400 900 simul
411 843 578 920 gemituum
590 859 687 918 sonus.
722 843 912 916 Quapropter
925 840 944 898 (i
956 841 1035 898 lovis
1047 843 1296 910 aur·ea'formnsa-'

10 947 12 954 ·
176 930 300 1000 190que
315 921 385 988 fllia,
399 922 485 980 mitte
505 921 656 988 auxilium,
669 920 855 996 Martemque
875 919 1055 1000 pestiferum,
1069 921 1120 997 qui
1140 917 1294 980 riunede-

96 990 109 1014 ‘¹
244 1002 344 1077 positis
354 1001 455 1060 ferreis
466 1001 556 1058 armis
569 1001 630 1057 urit
642 1017 690 1058 me
703 998 971 1057 maximoclamore
981 1001 1104 1066 iuuene,
1116 1003 1295 1076 retrogrado

177 1082 235 1144 195
243 1097 329 1138 cursu
341 1080 445 1157 fugere
453 1097 528 1156 coge
540 1080 635 1154 patria
648 1097 713 1136 mea
722 1087 879 1154 extorrem,
889 1077 947 1134 sive
961 1079 993 1134 in
1006 1079 1181 1153 immensum
1196 1083 1293 1139 thala·
1317 1101 1322 1106 ·

243 1172 328 1218 mum
339 1159 543 1236 Amphitrites,
556 1159 615 1215 sive
628 1156 665 1214 ad
677 1157 761 1218 littus
773 1157 948 1234 inhospitale
957 1156 1073 1213 Thracii
1085 1159 1146 1216 sali.
1174 1159 1256 1219 Nam
1268 1161 1298 1217 si

175 1239 314 1315 sosquid
326 1239 430 1314 reliqui
446 1254 506 1296 nox
518 1229 599 1304 feeit,
610 1237 641 1294 id
654 1235 808 1314 insequens
821 1237 946 1293 absumit
959 1235 1031 1292 diesi
1051 1237 1178 1293 Martem
1192 1235 1294 1306 illum,

243 1317 365 1394 inquam
378 1317 396 1375 b
409 1333 596 1392 ceraseorum
608 1314 763 1392 fulgurum
777 1325 880 1390 potens
896 1315 1023 1390 Jupiter,
1038 1325 1091 1372 tuo
1109 1317 1220 1374 confice
1235 1318 1295 1376 ful·

89 1443 93 1454 ,
242 1397 333 1454 mine·
374 1395 508 1463 Utinam,
528 1392 547 1452 b
564 1394 631 1452 Rex
650 1395 754 1470 Lycee,
772 1394 830 1451 tela
851 1401 903 1450 tua
922 1394 1030 1450 invicta
1049 1396 1086 1452 ab
1105 1413 1195 1452 aureo
1218 1410 1292 1455 arcu

82 1491 85 1500 ’
175 1467 235 1535 205
243 1474 440 1542 distribueres,
453 1474 491 1539 ad
509 1492 596 1551 opem
616 1472 765 1531 ferendam
785 1473 904 1540 directa,
917 1481 948 1528 et
968 1474 1067 1549 igneas
1087 1474 1182 1536 Diana
1202 1474 1294 1542 ficos,
1335 1507 1336 1514 κ

98 1591 101 1596 1
150 1619 151 1622 Ἴ
176 1555 347 1636 bloquibus
364 1551 473 1630 Iqeeos
493 1562 607 1610 montes
627 1551 789 1628 percurrit!
811 1570 956 1628 aureaque
975 1553 1114 1609 decorum
1133 1553 1224 1618 mitra
1243 1557 1292 1612 in·

179 1701 187 1711 „
244 1651 326 1708 voco,
349 1631 556 1710 cognominem
578 1628 666 1705 hujus
686 1631 775 1697 urbis,
800 1643 988 1706 purpureum
1001 1631 1149 1690 &ochum
1170 1632 1300 1697 livium,-

176 1711 236 1777 215
244 1711 415 1769 Maenadum
427 1713 577 1777 comitem,
590 1713 732 1768 ut'veniat
741 1709 839 1768 lucida
847 1709 1020 1767 comburens
1033 1711 1118 1776 taeda,
1129 1721 1233 1770 contra
1246 1715 1294 1771 in·

95 1835 97 1840 s
203 1833 205 1837 s
247 1789 356 1858 samem
369 1790 448 1847 hune
461 1791 539 1847 inter
554 1791 632 1850 Deos
645 1789 753 1856 Deum.
948 1811 950 1814 ·
1032 1792 1037 1800 '
1072 1811 1073 1814 ¹
1288 1821 1290 1824 ·

99 1861 100 1864 ’
285 1869 382 1927 ΟΕΙ).
405 1869 504 1927 Audio
518 1870 595 1946 quod
608 1863 712 1946 rogas:
735 1863 995 1944 uti-rogasautem,
1005 1868 1028 1924 si
1041 1868 1111 1924 celis
1124 1869 1210 1944 dictis
1222 1874 1298 1929 meis

149 2017 152 2020 ¹
193 2001 195 2006 .
244 1948 416 2012 auscultare,
430 1957 461 2005 et
479 1949 547 2005 huie
567 1947 670 2006 morbo
681 1965 866 2032 succurrere,
879 1946 1041 2004 remedium
1061 1951 1246 2026 consequaris
1259 1959 1293 2009 et

97 2025 100 2030 ‘
191 2031 193 2038 ’
243 2021 375 2086 levamen
401 2027 555 2085 malorum.
596 2028 725 2105 Eloquar
746 2044 823 2094 vero,
845 2029 953 2104 utqui
975 2033 1053 2084 nune
1077 2027 1203 2102 primum
1228 2031 1293 2088 baee

177 2107 350 2182 biloaudin,
363 2107 531 2184 alienusque
553 2125 618 2165 sum
639 2126 657 2164 a
679 2125 711 2163 re
725 2113 821 2184 'gesta
861 2105 965 2182 Neque
985 2106 1065 2161 enim
1085 2107 1294 2184 investigando

245 2187 373 2244 multum
386 2183 446 2259 ipse
467 2201 679 2261 promoverem,
694 2185 744 2262 qui
764 2185 876 2242 nullum
898 2185 1038 2242 iudicium
1059 2185 1160 2242 habeo.
1201 2187 1295 2246 Nune

245 2267 344 2322 autem'
357 2265 437 2322 vobis
451 2265 585 2322 Cadmeis
594 2265 715 2327 civibus,
730 2280 803 2340 quos
815 2265 893 2320 inter
905 2271 1025 2320 censeor
1038 2281 1095 2340 ego
1108 2266 1293 2336 novissimus,

178 2335 236 2403 225
246 2337 381 2412 omnibus
393 2344 455 2400 haec
468 2343 559 2400 edico.
600 2344 774 2419 Quicunque
787 2344 916 2399 vestrum
937 2343 1018 2404 norit
1038 2361 1166 2419 quonam
1186 2345 1226 2402 ab·
1237 2347 1299 2402 ho÷¹

226 2421 326 2480 ¹mine
338 2422 427 2479 Laius
447 2419 576 2479 labdaci
594 2421 672 2478 filius
692 2421 863 2478 interfectus
883 2421 949 2487 fuit,
962 2423 1041 2479 hune
1058 2419 1207 2494 jubemnt
1228 2441 1294 2484 rem

186 2565 191 2580 ,
245 2517 365 2558 omnem
377 2494 487 2557 indicet
499 2501 590 2575 mihi:
612 2499 701 2556 etiam
714 2501 741 2564 si
751 2507 846 2556 metus
864 2519 934 2556 eum
953 2501 1097 2568 cohibeat,
1110 2493 1296 2581 tacendaque

203 2615 204 2618 =
245 2581 356 2655 cogitet
368 2579 481 2637 crimen
493 2597 511 2636 a
523 2597 554 2636 se
574 2579 698 2645 amoliri,
711 2577 820 2636 indicet
840 2586 958 2636 tamen:
980 2580 1110 2655 patietur
1123 2582 1202 2638 enim
1217 2583 1295 2642 nihil

177 2657 326 2716 asoaliud
338 2657 444 2722 acerbi,
459 2675 548 2734 quam
561 2666 594 2714 ut
607 2676 643 2716 ex
656 2658 710 2716 hac
722 2657 796 2715 urbe
808 2658 892 2714 abeat
905 2658 1067 2716 incolumis.
1089 2661 1132 2734 ¹Si
1144 2677 1217 2718 vero
1228 2664 1294 2738 quis

164 2733 166 2739 '
246 2737 338 2794 alium
360 2737 516 2813 peregrina
537 2755 573 2793 ex
593 2738 715 2814 regione
737 2738 819 2794 novit
840 2747 990 2794 auctorem
1009 2739 1105 2805 credis,
1123 2757 1161 2796 ne
1183 2740 1288 2798 sileat:

195 2863 196 2866 ,
245 2815 410 2874 mercedem
431 2817 510 2872 enim
530 2816 691 2892 persolvam
709 2817 747 2882 ei,
764 2817 942 2893 accedetque
961 2811 1080 2892 insuper
1091 2821 1195 2894 gratia.
1241 2821 1294 2878 Sin

98 2967 100 2972 s
166 2941 167 2944 ,
186 2887 189 2901 '
246 2903 347 2952 autem
364 2889 507 2960 tacebitis,
520 2901 551 2952 et
563 2895 664 2973 aliquis
678 2895 724 2950 vel
740 2896 834 2951 amico
854 2893 999 2960 metuens,
1014 2897 1058 2952 vel
1069 2897 1125 2954 sibi
1136 2888 1202 2972 ipsi,¹
1216 2896 1296 2969 reje-

178 2976 319 3038 235cerit
332 2975 394 3030 haee
408 2992 476 3032 mea·
486 2975 572 3040 dieta,
586 2974 656 3051 quid
669 2973 774 3032 deinde
794 2975 924 3040 facturus
942 2976 998 3032 sim
1011 2976 1192 3050 percipitote.
1227 2977 1293 3034 Ho-

185 3099 207 3132 .·
247 3055 358 3110 minem
370 3053 459 3119 hunc,
473 3054 600 3132 quisquis
620 3052 668 3111 ille
681 3053 729 3119 sit,
742 3051 825 3110 edico
842 3071 883 3109 ne
904 3055 967 3129 quis
982 3066 1067 3112 terrae
1083 3051 1293 3126 hujusiucola,

60 3185 67 3198 ,
144 3141 148 3156 “
183 3155 184 3160 ’
248 3149 313 3208 quae
332 3132 446 3208 regitur
465 3133 588 3207 imperio
608 3150 684 3198 meo,
706 3134 830 3209 excipiat
850 3133 985 3206 hospitio,
1000 3151 1102 3210 neque⁸
1115 3134 1299 3212 alloquatur,

177 3219 240 3274 '240
248 3217 342 3290 neque
354 3211 387 3282 in
397 3210 498 3268 Derim
512 3211 768 3286 supplicationibus
782 3211 826 3267 vel
837 3211 983 3272 sacrificiis
1000 3213 1171 3288 participem
1184 3215 1293 3272 admit-²

115 3355 119 3358 ,
247 3290 300 3356 tat,
314 3307 367 3358 nec
381 3289 494 3346 lustrali
507 3296 641 3366 aspergat
654 3309 747 3367 aqua:
769 3299 886 3348 arceant
900 3308 968 3346 vero
982 3292 1118 3348 alaribus
1131 3310 1244 3360 omnes,
1259 3298 1307 3351 ut'

189 3413 194 3422 .
223 3413 226 3418 ,
247 3367 299 3445 qui
311 3369 457 3444 piaculum
470 3369 508 3424 sit
521 3369 615 3433 nobis,
628 3372 671 3426 uti
691 3369 817 3444 Pythicae
831 3369 990 3441 sortessDei
1004 3370 1096 3428 modo
1105 3371 1293 3432 declaramini

179 3443 238 3508 245
248 3448 329 3505 mihi.
370 3446 543 3526 Hoc'igitur
554 3457 643 3523 paeto
652 3455 682 3504 et
695 3448 770 3514 Deo,
784 3460 814 3504 et
827 3457 978 3522 perempto
992 3451 1053 3506 viro
1070 3450 1210 3524 opitulor.
1232 3451 1294 3510 Ex*

247 3537 344 3584 sector
356 3534 456 3584 autem
468 3527 612 3584 latentem
625 3526 710 3583 eredis
728 3536 887 3590 auctorem,
900 3529 958 3584 sive
978 3530 1002 3584 is
1021 3529 1108 3594 solus,
1122 3530 1181 3586 sive
1202 3531 1295 3605 pluri-⁴

248 3607 303 3663 bus
315 3601 433 3675 adjutus
445 3605 556 3664 facinus
569 3607 756 3668 commiserit,
770 3614 804 3663 ut
817 3607 981 3663 conrmuuls
994 3625 1096 3682 expers
1108 3605 1184 3680 juris
1198 3611 1294 3668 malus

180 3669 241 3744 350
249 3685 325 3740 male
337 3684 470 3741 absumat
483 3685 581 3742 vitam.
620 3685 700 3750 'Quin
715 3685 861 3759 imprecor
872 3687 971 3752 eriam,
984 3689 1009 3743 si
1022 3688 1053 3744 in
1066 3683 1155 3760 ipsius
1167 3691 1228 3746 mei
1242 3707 1294 3746 ne·

248 3759 365 3820 scientis
374 3763 483 3820 aetlibus
493 3770 687 3829 conversetur,
699 3775 733 3820 ut
745 3764 874 3839 patiatur
883 3764 994 3832 eadem,
1004 3773 1072 3842 quse
1081 3769 1125 3822 lus·
1134 3767 1228 3824 modo
1238 3769 1294 3826 im·

249 3851 383 3918 precatus
395 3860 469 3900 sum.
494 3841 583 3898 Vobis
596 3843 695 3899 autem
708 3843 808 3900 omnia
820 3845 875 3900 ista
887 3845 1131 3922 utexsequamini
1145 3849 1293 3922 precipio,
1312 3843 1315 3850 '

182 3913 187 3928 ⁸
210 3967 211 3970 ,
249 3923 308 3978 mei
330 3921 420 3997 ipsius
439 3921 544 3998 gratia,
559 3929 625 3997 tum
644 3919 712 3988 Dei,
725 3922 909 3999 regiamque
922 3920 1021 3994 hujus,
1034 3925 1246 3984 sie'sterilitste
1265 3933 1295 3984 et

181 4002 240 4057 255
250 4000 378 4057 numinis
397 4001 442 4056 ira
460 3999 582 4058 afflicte.
599 4035 604 4044 =
622 3999 725 4078 Neque
744 4001 824 4058 enim
838 4019 897 4067 vos,
910 4004 967 4058 etsi
979 4003 1060 4060 Deus
1081 4021 1140 4062 non
1157 3997 1294 4076 jusserat,

249 4077 290 4136 sie
302 4079 483 4153 inexpiatum
493 4079 626 4155 linquere
638 4079 758 4137 decebat
769 4081 873 4146 scelus,
881 4081 1039 4139 fortissimo
1049 4083 1121 4149 viro,
1131 4083 1293 4162 eodemque

251 4157 335 4234 Rege
349 4150 525 4233 interempto
535 4181 544 4228 3
554 4195 556 4202 κ
566 4157 616 4214 scd
630 4159 749 4233 penitus.
758 4159 904 4236 inquirere
917 4162 1079 4236 oportebat.
1103 4191 1105 4198 ·
1119 4161 1210 4220 Nunc
1224 4179 1293 4220 vero

93 4303 94 4306 Ἴ
250 4247 354 4296 auctor
363 4253 430 4292 sum
444 4237 504 4311 ipse
524 4253 649 4313 quoque,
664 4239 713 4314 qui
734 4247 764 4295 et
778 4256 904 4316 regnum
923 4239 1052 4306 obtines,
1067 4240 1144 4317 quod
1165 4241 1294 4299 obtinuit

127 4333 131 4340 ¹
184 4305 1315 4398 rsotueantsa,quiqueejuseonjugemhabeoconsortem—procreandaso.
