2760 4824
247 280 313 366 ,00
536 345 538 348 ·
699 270 862 387 flu„

169 457 234 516 460
248 453 329 510 sensa
341 458 384 510 est
397 449 489 525 Trojs
500 451 641 517 universa,
659 457 747 530 atque
766 453 800 514 hi
810 452 865 528 ipsi
884 453 997 528 campi?
1019 453 1193 524 Domumue
1206 471 1254 512 re
1266 492 1380 529 χ

247 539 322 598 tens,
335 529 448 590 deserta
459 532 575 590 nautica
586 533 640 590 hac
652 531 729 602 sede,
738 533 861 609 solisque
870 531 990 598 Atridis,
1001 529 1131 610 lligeum
1140 528 1350 604 trajicis
1375 590 1380 609 ,

217 677 218 680 Ἴ
247 628 328 669 mare
338 611 348 665 i
358 610 398 667 At
408 627 466 686 quo
479 609 560 668 vultu
573 622 656 686 patre
665 628 713 667 me
721 611 821 668 sistam
829 627 927 668 coram
934 610 1094 668 Telamone
1106 612 1116 667 i
1128 611 1350 687 Quomm-
1373 666 1380 686 Ι

246 688 399 748 sustinebit
420 688 589 764 adspectum
601 706 700 750 meum
715 688 834 766 inglorii
852 690 1032 754 revertentis,
1052 690 1229 766 virtutisque
1324 748 1339 755 ,

170 771 231 826 465
247 769 337 826 rentis
349 767 485 843 praemiis,
499 784 622 844 quorum
636 763 809 844 illeinsignc
822 765 909 826 decus
921 767 1042 843 adeptus
1062 769 1125 825 est?
1148 767 1223 825 Non
1243 785 1356 841 Q

246 847 302 904 hoc
313 845 474 912 ferendum.
515 844 571 903 Sed
584 846 653 923 quid
666 847 689 904 si
702 845 734 902 in
746 845 858 904 Troum
877 846 1148 913 munimentafacto
1160 847 1372 928 impetn,

245 926 324 983 solus
336 942 404 982 cum
416 925 484 982 solis
496 941 675 1000 congressus,
690 925 751 981 viro
763 924 885 999 dignum
900 925 1044 1001 quoddam
1061 925 1148 983 edam
1160 925 1367 1005 facinus,

247 1003 420 1080 tandemque
433 1002 563 1076 moriar?
594 1004 635 1061 At
647 1004 687 1060 sic
708 1003 816 1065 Atridis
828 1021 891 1068 rem
903 1003 1011 1060 bonam
1025 1010 1062 1060 ct
1080 1007 1199 1092 gintam
1209 1003 1363 1070 feme-

151 1105 153 1110 ’
170 1087 231 1150 sto
242 1084 311 1141 rim.
336 1081 408 1140 Non
420 1081 513 1157 placet
527 1082 600 1151 hoc3
626 1081 701 1142 nihil
713 1088 765 1139 est.
784 1081 938 1140 Tentanda
950 1089 993 1139 est
1006 1081 1051 1138 via
1060 1081 1216 1153 ejusmodi,
1231 1100 1359 1156 pet

246 1179 334 1236 quam
359 1161 421 1218 seni
444 1160 595 1221 ostendam
620 1159 706 1236 patri,
728 1178 776 1217 me
798 1159 877 1218 haud
896 1161 1035 1237 ignarum
1056 1161 1157 1218 exilio
1177 1167 1353 1224 satum.

246 1239 344 1314 Turpe
364 1247 408 1298 est
427 1239 507 1296 enim
527 1241 598 1308 viro
612 1240 731 1315 longam
753 1249 886 1314 expetere
900 1241 999 1305 vitam,
1020 1240 1044 1296 si
1065 1238 1114 1296 cui
1136 1239 1359 1300 malon-tm·

158 1323 229 1383 475
245 1318 326 1376 nulla
336 1315 482 1394 contingit
494 1319 633 1376 remissio.
672 1317 751 1379 Quid
763 1319 842 1374 enim
859 1317 897 1374 ad
908 1317 1059 1374 diemdies
1068 1313 1173 1388 juvare
1186 1325 1347 1392 potest

245 1397 370 1460 additus,
393 1395 618 1474 liberatusquea
638 1403 731 1454 morte
751 1395 783 1452 in
807 1397 965 1454 crastinum
985 1395 1096 1452 dilata?
1125 1395 1204 1458 haud
1223 1413 1343 1472 ego

245 1493 373 1532 emerem
399 1475 535 1532 vilissimo
556 1475 650 1554 pretio
663 1474 820 1536 hominem,
841 1475 892 1551 qui
910 1474 1001 1531 inani
1014 1489 1065 1549 spe
1077 1473 1207 1531 fovetur:
1228 1471 1341 1530 sed

169 1552 229 1616 lso
243 1551 294 1612 airt
307 1557 429 1612 honeste
449 1554 554 1625 vivere,
567 1561 620 1612 aut
638 1554 758 1611 honeste
781 1554 857 1620 mori
877 1569 1054 1630 generosum
1074 1552 1166 1611 dccet.
1207 1551 1340 1610 llaec

243 1643 286 1690 est
301 1651 367 1692 mes
378 1631 530 1704 sententia.

281 1712 347 1769 CH·
369 1710 467 1772 Nemo
487 1727 619 1788 unquam
641 1709 728 1777 dicet,
742 1705 827 1780 Aiax,
847 1710 942 1768 aliena
960 1717 990 1764 te
1003 1715 1033 1766 et
1051 1709 1206 1768 subditicia
1218 1711 1337 1778 haec

149 1822 152 1828 ·
241 1789 373 1848 locutum
386 1807 458 1854 esse,
480 1789 530 1846 sed
544 1789 648 1846 mentis
661 1798 719 1846 tuae
731 1807 829 1846 sensa:
851 1787 992 1863 impetum
1011 1799 1109 1846 tamen
1121 1790 1212 1846 istum
1239 1801 1335 1844 re·

99 1899 101 1906 ·
164 1933 166 1938 ,
193 1911 195 1918 .
242 1868 513 1944 minuanturque
526 1866 682 1942 facilem-te
694 1867 771 1924 flecti
783 1867 888 1943 praebe,
902 1868 978 1923 curis
991 1867 1034 1924 his
1047 1868 1169 1929 0missis.
1376 1911 1378 1916 ·

60 1981 62 1986 s
102 1971 103 1980 ¹
162 1945 226 2005 Ι485
281 1945 404 2004 TECM.
423 1945 451 2002 0
464 1947 533 2025 here
547 1942 632 2019 Ajax,
645 1947 782 2003 servitute
795 1963 855 2002 non
869 1953 911 2022 est
925 1944 1005 2004 aliud
1017 1946 1133 2020 gravius
1152 1938 1334 2004 homini·

139 2039 142 2042 ·
242 2024 295 2084 bus
308 2027 428 2084 malum.
467 2025 552 2084 Patre
565 2025 699 2102 equidem
713 2036 781 2084 nata
793 2041 858 2082 sum
870 2023 971 2089 libero,
985 2024 1155 2100 opibusque,
1169 2027 1193 2081 si
1213 2015 1331 2102 quis

134 2117 138 2125 ’
240 2105 323 2171 alius,
337 2107 414 2162 inter
426 2099 554 2180 Phrygas
567 2104 695 2178 pollente
705 2128 713 2174 3
738 2115 816 2160 nunc
838 2119 906 2159 vero
928 2118 1010 2168 serva
1032 2119 1116 2158 sum.-
1137 2104 1179 2159 sic
1198 2098 1327 2159 euim

165 2188 226 2242 490
241 2183 306 2240 Diis
329 2185 421 2241 visum
444 2189 489 2238 cst
510 2182 627 2249 scilieet,
650 2183 766 2259 tuaeque
785 2182 910 2240 maxime
932 2181 1051 2238 dextrae,
1092 2181 1219 2240 Proinde
1259 2185 1325 2228 2¹

241 2279 298 2338 quo
311 2263 342 2320 in
355 2271 439 2318 tuum
449 2259 544 2318 cubile
557 2262 693 2328 conveni,
703 2261 761 2318 tuis
777 2259 862 2318 rebus
874 2259 987 2325 studeo,
1001 2269 1087 2335 teque
1100 2277 1154 2335 per
1172 2259 1321 2317 iovem
1378 2282 1379 2291 ¹

78 2393 82 2413 ,
147 2339 148 2342 ’
240 2339 424 2398 Familiarem
447 2339 586 2404 obtestor,
600 2356 706 2414 perque
729 2340 848 2400 thorum
869 2346 963 2404 tuum,
977 2347 1036 2414 quo
1058 2333 1243 2412 conjunctus
1275 2339 1317 2381 θ’

202 2467 207 2476 ,
242 2417 323 2482 mihi,
337 2437 374 2475 nc
387 2436 434 2476 me
447 2418 523 2474 sinas
536 2418 647 2475 tristem
662 2417 791 2474 ‘fabulam
805 2417 878 2482 lieri,
891 2417 1135 2493 inimicorumque
1155 2419 1311 2498 tuorqffl

163 2499 223 2556 495
240 2496 408 2561 ludibrium,
421 2492 545 2567 cujusvis
558 2494 631 2552 alius
643 2495 763 2553 arbitrio
777 2497 954 2570 permissam·
996 2495 1026 2552 Si
1039 2497 1119 2552 enim
1132 2497 1308 2570 moriarssg

117 2583 120 2594 ¹
240 2583 347 2652 tuaque
359 2582 454 2634 morte
467 2593 514 2648 mc
536 2573 684 2638 destituas,
698 2579 735 2630 he
758 2573 867 2640 dubita,
890 2574 962 2651 quin
974 2573 1077 2631 eodem
1090 2575 1155 2650 ipso
1177 2575 1222 2632 dic
1278 2571 1305 2614 'l

238 2663 372 2728 correpta
383 2653 420 2714 ab
432 2651 547 2728 Argivis
560 2670 626 2708 cum
641 2652 701 2710 lilio
709 2653 765 2708 ‘tuo
776 2652 877 2709 duram
890 2654 923 2708 in
934 2653 1101 2716 servitutem
1115 2652 1302 2720 detrudar?
1363 2654 1364 2657 ’

163 2733 224 2798 500
239 2739 270 2788 et
281 2732 379 2792 forsan
391 2732 532 2794 insultans
553 2731 640 2796 herus
660 2730 762 2808 aliquis
783 2725 889 2787 a'cerbo
905 2748 952 2788 me
975 2731 1053 2788 dicto
1075 2726 1303 2810 perstringelf

240 2807 503 2886 ConspiciteAjocir
515 2803 664 2884 conjugem,
683 2827 737 2884 quo
750 2825 827 2866 nemo
841 2813 870 2866 in
884 2811 958 2865 omni
970 2812 1090 2866 exercitu
1101 2797 1307 2887 oiribmf‘l‘li

233 2881 422 2964 prestantior,
443 2890 540 2963 quibus
559 2907 631 2952 nunc
649 2895 763 2962 urgetur
782 2889 902 2946 servitiis
918 2907 969 2962 pro
995 2889 1047 2945 illu
1072 2905 1156 2962 qnam
1178 2876 1309 2946 haisti*

159 3031 160 3036 ,
235 2971 314 3042 prius
327 2971 473 3026 invidendo
484 2974 565 3025 sorte.
605 2965 688 3040 Talia
699 2967 776 3023 dicet
786 2964 887 3043 aliquis
899 2990 906 3021 ε
929 2974 959 3023 et
972 2985 1020 3022 me
1040 2967 1158 3045 quidem
1171 2967 1312 3026 exesi*

161 3047 220 3102 505
236 3045 324 3104 ciabit
336 3047 398 3104 fera
410 3045 580 3116 necessitas3
603 3046 656 3104 tibi
678 3063 756 3112 vero,
770 3051 878 3122 tuoque
890 3043 992 3122 generi
1013 3045 1075 3102 haec
1087 3045 1166 3118 dicta
1187 3028 1314 3103 dede·

236 3127 297 3183 cori
310 3133 405 3184 erunt.
444 3124 501 3182 Sed
513 3141 643 3190 reverere
656 3133 767 3200 patrem
788 3131 881 3190 tuum,
904 3141 993 3202 quem
1010 3124 1087 3181 tristi
1105 3119 1317 3182 confectam

156 3261 160 3268 ,
236 3204 454 3273 deserisseni03
476 3220 606 3260 reverere
619 3211 741 3260 matrem
755 3202 861 3259 multos
871 3198 934 3275 jam
947 3219 1038 3265 annos
1049 3203 1194 3270 sortitam,
1207 3199 1319 3280 qual?

161 3279 221 3334 510
235 3283 442 3362 multiplicibus
454 3283 527 3342 votis
536 3281 615 3340 Deos
626 3289 770 3358 precetur,
784 3288 817 3337 ut
829 3282 921 3338 salvus
933 3280 1053 3338 domum
1065 3281 1174 3340 redeas.
1213 3261 1321 3338 ,sse

234 3379 330 3420 serere
343 3361 473 3428 etiami)
495 3378 556 3427 rex,
582 3360 635 3422 filii
648 3360 701 3424 tui,
716 3360 765 3436 qui
786 3359 892 3435 puerili
910 3358 1082 3422 educatione
1103 3356 1321 3417 destituit-1⁵·

235 3448 265 3499 tc
278 3441 406 3505 orbatus,
418 3439 473 3499 sub
486 3440 591 3514 iniquis
610 3437 754 3498 tutoribus
767 3445 884 3524 aetatem
903 3447 979 3514 aget.
1019 3439 1173 3504 Quantum
1186 3435 1323 3497 misse·

155 3577 158 3586 ,
234 3519 456 3595 riarum‘illiquc
469 3524 499 3574 et
512 3519 593 3584 mibi,
606 3519 631 3574 si
642 3511 959 3593 morierisrelinques!
982 3515 1060 3580 Nam
1071 3513 1145 3574 mihi
1154 3511 1322 3594 quidem

103 3605 113 3642 ι
159 3592 218 3647 515
235 3599 374 3664 nihilest,
387 3613 445 3673 quo
458 3597 618 3670 respiciam,
632 3603 788 3672 praetorto.
828 3595 944 3670 Quippe
955 3595 1079 3674 patriam
1089 3605 1125 3654 tu
1138 3596 1211 3654 mihi
1219 3574 1322 3652 ὅθ·

186 3697 187 3700 “
233 3676 327 3734 levisti
340 3676 424 3739 bello,
439 3683 562 3734 matrem
576 3671 723 3744 occidisti,
747 3673 837 3750 Parca
849 3689 917 3740 vero
926 3673 1094 3753 genitorem
1107 3691 1205 3731 meum
1218 3654 1318 3729 ὅθ·

153 3799 161 3826 ‚
233 3755 361 3812 misitad
374 3751 612 3812 Orcimortuales
630 3752 746 3810 incolas.
786 3753 927 3815 Quaenam
951 3751 1032 3819 mihi,
1046 3770 1155 3829 quaeso,
1172 3770 1224 3829 pro
1291 3739 1317 3790 (θ

158 3825 218 3886 520
233 3834 326 3908 patris
339 3833 411 3892 fiat?
430 3851 497 3909 quse
509 3833 596 3910 opes?
618 3832 688 3898 inte
701 3845 767 3888 mea
779 3831 873 3894 omnis
885 3838 929 3887 est
941 3829 1027 3888 salus.
1068 3831 1149 3908 Ergo
1158 3827 1313 3888 men50·

232 3913 306 3968 riam
327 3913 385 3968 mei
403 3912 516 3968 retine:
548 3911 648 3987 utique
670 3911 764 3966 virum
778 3909 860 3968 decet
882 3926 1042 3970 memorem
1060 3927 1132 3976 esse,
1150 3911 1249 3966 sicum
1256 3889 1310 3982 ‘3⁰

230 3990 308 4068 grati
322 3989 389 4065 quid
403 3990 582 4065 perceperit:
603 3989 698 4065 gratia
710 3989 790 4046 eninr
808 3989 932 4065 gratiam
946 4005 1061 4062 semper
1074 3989 1159 4062 parit.
1197 3985 1304 4060 0⁸1¹:

150 4089 162 4136 ‚·
230 4071 355 4145 cumque
377 4084 445 4123 vero
467 4068 560 4126 effluit
585 4065 718 4125 benelicii
739 4067 888 4138 memoria,
902 4067 926 4123 is
946 4063 1297 4144 neutiquamgenerotl

230 4149 286 4204 viri
298 4145 438 4202 habeatnr
450 4146 522 4203 loen.

83 4301 85 4306 Α
153 4214 213 4295 ὕῖὅ
269 4223 334 4283 CH.
355 4223 467 4310 Vellem
479 4233 518 4289 tc,
532 4219 616 4296 Ajax,
629 4223 730 4298 itidem
742 4229 783 4294 ut
796 4241 861 4304 ego,
875 4223 1071 4294 misericordia
1083 4221 1179 4292 afficit
1198 4220 1283 4288 iffi*-

227 4303 312 4390 qiarcp
325 4304 404 4384 enim
417 4303 504 4388 hujus
517 4302 603 4383 dicta.

140 4057 144 4090 i
