2716 4830
14 351 103 408 l'

13 446 16 520 l

91 581 107 678 ’ῑ
225 575 928 738 ‚aerumnis

50 835 57 844 ·
172 797 222 854 ⁸
330 753 896 998 'moteosanxg

526 1077 739 1110 *-

142 1247 236 1340 ,om-
249 1208 300 1310 Ο
316 1251 425 1320 FILII,
438 1255 544 1313 veteris
558 1253 662 1314 Cadmi
681 1271 755 1312 nora
772 1257 938 1334 progenies,
951 1273 1072 1316 curnam
1093 1255 1143 1330 iric
1226 1303 1227 1306 η
1271 1293 1274 1300 ·

103 1327 174 1396 Ἰῠιιίιὶ
190 1333 301 1397 sedetis,
315 1333 481 1390 velamenta
501 1333 687 1408 proferentes
707 1335 860 1394 manibus?
882 1377 884 1384 ι
903 1335 980 1398 Urbs
993 1355 1062 1395 vero
1078 1347 1141 1396 tota

111 1399 312 1474 thureiircenso
323 1410 429 1490 fumat,
441 1411 587 1490 flebilique
606 1429 745 1489 peanum
761 1422 850 1473 cantu
863 1433 896 1472 ac
914 1416 1029 1491 gemitu
1042 1417 1168 1487 omnies
1256 1433 1263 1452 ‘

105 1489 240 1548 socnam.
279 1491 354 1554 Qure
366 1508 424 1568 ego
437 1509 530 1567 quum
542 1508 692 1548 censerem
707 1509 767 1550 non
780 1512 818 1552 ex
828 1495 887 1552 alic
900 1493 1054 1552 condente
1068 1495 1141 1553 mihi

97 1568 298 1641 eognoscenda
309 1565 456 1643 es‘se,·ipse
468 1570 526 1642 huc
539 1569 644 1646 prodii,
651 1570 705 1628 ille
719 1571 854 1631 omniuni
862 1589 1001 1632 sermone
1010 1573 1140 1632 celebra·
1200 1581 1203 1588 '

97 1637 148 1704 lm
158 1637 289 1723 OEdipus.
330 1649 395 1726 Age
407 1661 476 1706 vero
488 1648 625 1725 eloquere
639 1657 682 1714 tu,
692 1665 796 1718 senex,
810 1653 916 1728 quippe
929 1669 1016 1730 quern
1031 1669 1082 1728 par
1094 1665 1138 1710 est
1161 1668 1165 1676 ·

60 1761 62 1764 -
85 1723 151 1783 Pro
168 1726 244 1784 hisce
261 1726 328 1790 fari,
342 1745 406 1804 quae
425 1743 512 1785 causa
527 1735 582 1791 est,
599 1745 652 1785 cur
673 1728 722 1786 hic
742 1731 883 1806 supplices
902 1731 1030 1789 sedetis?
1053 1746 1187 1805 num-10

85 1803 165 1870 quid
183 1807 576 1882 metuentes,-cnpientesve?
599 1806 728 1865 maximo
747 1810 826 1868 enim
846 1827 934 1884 opere
947 1809 1028 1868 vobis
1039 1812 1138 1886 opitu·

78 1859 148 1939 lari
160 1883 237 1941 rolc:
260 1899 386 1958 namque
395 1884 601 1943 immisericors
612 1886 716 1963 utique
728 1904 831 1954 essem,
842 1889 898 1946 nisi
911 1906 959 1946 mc
973 1905 1139 1958 commove-

64 1955 139 2016 *et
151 1974 211 2020 tam
224 1963 358 2039 lugubris
370 1965 556 2039 supplicatio.
582 2007 591 2026 .
671 2005 674 2008 -
987 1981 995 1990 ·
1246 2003 1250 2008 -
1296 2003 1302 2010 -

134 2041 209 2099 SAC.
229 2044 270 2099 At
283 2043 302 2098 d
315 2043 415 2117 patriae
425 2057 501 2100 mere
521 2050 618 2099 rector
631 2040 752 2118 OEdipc,
765 2043 843 2101 vides
858 2041 976 2120 quidem
989 2061 1053 2112 nos,
1067 2059 1183 2121 qua-15

62 2096 132 2175 les
144 2121 303 2178 assidemus
314 2124 372 2178 aris
385 2123 461 2180 tuis:
484 2122 533 2180 isti
544 2120 664 2199 quidem
684 2121 817 2192 nondum
830 2121 958 2182 valentes
971 2121 1073 2199 procul
1087 2141 1135 2180 vo·

160 2223 167 2255 2
190 2200 233 2264 illi
253 2216 322 2256 vero
340 2201 423 2258 senio
442 2217 543 2276 graves
562 2199 736 2267 sacerdotes,
749 2200 830 2258 Jovis
850 2201 967 2278 quidem
988 2219 1063 2278 ego:
1085 2203 1136 2260 dc-

61 2276 175 2354 *rique
189 2279 252 2348 haec
262 2276 405 2350 juvenum
419 2279 495 2336 lecta
508 2297 630 2337 manuss
653 2280 706 2336 reli
729 2297 767 2338 ua
779 2288 881 2338 autem
894 2280 1054 2338 multitudo
1067 2299 1135 2357 sup-

67 2357 175 2420 Dlices
187 2375 295 2435 gerens
308 2375 404 2416 ramos
421 2360 453 2414 in
472 2357 537 2414 foro
554 2357 697 2424 cdnsidet,
709 2299 890 2436 §alladisque
903 2358 940 2416 ad
953 2359 1073 2436 gemina
1085 2359 1187 2430 doso-

62 2417 226 2502 lubra'et
246 2437 364 2493 ismenu
380 2437 524 2510 Apollinis
544 2437 695 2512 fatidicum
714 2436 823 2495 focum.
865 2436 1012 2514 Namque,
1027 2446 1061 2495 ut
1074 2441 1134 2513 ipse

67 2515 174 2580 *ides
185 2515 302 2592 ingenti
314 2517 403 2578 lluetu
418 2512 569 2592 quassatur
578 2516 688 2581 civitas,
700 2533 754 2573 nec
764 2525 859 2594 potest
868 2516 995 2592 amplius
1006 2535 1135 2574 mersum

15 2604 17 2608 “
67 2601 159 2666 testu
171 2594 335 2670 sanguineo
348 2595 487 2653 extollere
500 2603 599 2668 caput,
612 2593 722 2670 eadem
734 2595 796 2670 ipsa
814 2608 987 2672 consumpta
1005 2597 1062 2662 lue,
1076 2614 1135 2673 qua
1230 2666 1235 2673 .

64 2668 216 2750 frugum¹
228 2675 323 2730 omnis
343 2675 445 2730 arescit
463 2691 557 2749 seges,
572 2673 724 2738 tabescunt
744 2673 834 2739 boum
850 2685 995 2742 armenta,
1008 2683 1183 2750 percuntns'

40 2781 44 2790 ·
61 2744 261 2813 Smmaturis'
272 2752 411 2827 partubus
430 2751 517 2809 foetus
531 2752 702 2818 'mulierum
740 2753 823 2816 Quin
836 2752 898 2810 dira
917 2749 1058 2831 ingruens'
1070 2753 1133 2811 face

65 2821 188 2896 Pestis,
202 2830 334 2889 Dearum
353 2832 512 2897 teterrima,
524 2832 653 2907 exagitat
670 2832 786 2898 urbem,
799 2840 949 2908 vastatque
963 2832 1064 2890 Cadmi
1077 2833 1131 2888 do-

69 2921 167 2968 mum
182 2910 342 2985 :suspiriis
354 2917 385 2966 et
400 2909 537 2967 lamentis
557 2909 671 2967 ditescit
683 2918 747 2968 ater
762 2910 864 2969 Orcus.
905 2911 972 2968 ,lam
986 2917 1179 2982 verotuasso
1209 2910 1215 2922 ’
1317 2931 1319 2934 ·

1318 2579 1322 2586 κ

71 2988 270 3048 consedimus
283 2989 415 3070 adfores,
427 3006 484 3066 ego
495 2989 634 3066 puerique
646 2989 704 3054 isti,
716 2989 794 3046 haud
805 2991 907 3068 utique
916 3007 1016 3064 parem
1027 2995 1056 3046 te
1065 2988 1130 3052 Diis
1245 2993 1246 2998 ’

70 3077 246 3136 censentes,
256 3068 318 3134 sed,
328 3069 352 3124 si
365 3085 438 3145 quos
451 3069 510 3124 vita
521 3067 596 3124 ferat
609 3068 747 3145 ancipites
760 3086 851 3135 casus,
864 3077 915 3126 aut
927 3069 1035 3126 irarum
1049 3069 1129 3150 inve·
1151 3069 1152 3074 ’

71 3143 133 3214 hat
146 3155 270 3214 numen,
282 3147 453 3223 primarium
464 3147 497 3204 in
509 3148 554 3204 his
566 3147 687 3204 consilio
697 3147 808 3205 virum:
851 3148 881 3204 ui
893 3147 1019 3220 adventu
1032 3155 1085 3206 tuo
1098 3148 1129 3206 in
1135 3155 1180 3224 85·
1225 3206 1228 3210 ,

73 3225 244 3294 Cadmeam
253 3227 367 3291 urbem,
377 3243 470 3282 eamn
483 3226 593 3283 tributo
603 3225 761 3288 vindicasti,
773 3243 813 3303 qu
863 3226 1060 3300 pendebamus
1072 3225 1143 3284 im·'
1204 3297 1206 3302 s

61 3302 148 3374 'miti
162 3305 238 3376 vati3
263 3305 379 3363 tametsi
392 3303 466 3361 nihil
478 3300 567 3377 hujus
579 3303 622 3362 rei
635 3321 653 3361 a
665 3303 749 3364 nobis
762 3321 953 3380 compereram,
965 3297 1021 3362 iren
1033 3305 1129 3368 meras

40 3433 42 3436 .
73 3385 221 3446 edoctm=
243 3384 295 3442 sed
306 3383 368 3442 sola
380 3384 508 3440 numinis
527 3380 645 3456 adjutus
665 3393 721 3440 oe
741 3383 844 3442 diceris
863 3383 1046 3461 crederisque
1062 3402 1129 3442 nos-

72 3471 159 3530 tram
180 3465 305 3520 erexisse
318 3461 417 3521 vitam.
450 3461 663 3539 Nuncergo,f
707 3463 803 3520 issime
815 3461 933 3538 OEdipe,
947 3480 1085 3542 rogamus
1098 3471 1127 3522 te
1136 3476 1177 3530 4ο

70 3539 146 3610 hice
158 3535 262 3600 omnes
278 3541 314 3600 ad
331 3549 361 3598 te
374 3540 516 3620 supplices
528 3541 669 3607 conversi,
689 3559 775 3616 opem
795 3548 830 3600 ut
850 3542 977 3618 aliquam
997 3541 1127 3602 invenias

72 3622 176 3698 nobis,
189 3621 249 3679 sive
268 3619 327 3684 Dei
338 3617 461 3695 alicujus
474 3619 593 3678 edoctus
608 3621 736 3686 oraculo,
749 3621 808 3677 sive
826 3621 952 3686 hominis
965 3616 1127 3698 cujuspiam
1162 3619 1168 3628 '
1222 3651 1224 3654 ·

73 3701 209 3769 monitu,
250 3700 314 3760 Usu
332 3701 413 3760 enirn
433 3699 532 3776 peritis
550 3698 637 3758 video
655 3699 732 3756 felici
746 3715 861 3776 quoque
880 3708 989 3758 eventu
1008 3701 1174 3764 consiliam

72 3780 208 3840 maxime
219 3777 326 3856 vigere.
371 3779 445 3856 Age,
459 3775 634 3854 vir'optime,
647 3779 678 3836 in
699 3777 856 3856 pristinum
875 3777 985 3838 statum
1005 3780 1127 3842 restitue
1283 3779 1284 3782 ’

17 3907 22 3914 .
74 3857 208 3929 urbem,
225 3876 280 3936 age
290 3859 438 3934 prr-pice:
461 3856 697 3936 quandoquidem
710 3865 739 3914 te
756 3872 835 3915 nunc
847 3856 1020 3918 haeccivitas
1032 3877 1128 3920 serva·

74 3945 177 4001 torem
189 3954 276 3996 suum
287 3946 446 4012 nuncupat
459 3937 497 3993 cb
511 3937 609 4012 priora
627 3937 749 4006 merita3
771 3936 966 4014 auspiciorum
980 3953 1048 3994 vero
1061 3946 1128 3998 tuo·

73 4033 147 4078 rum
160 4017 332 4094 neutiquam
347 4016 576 4081 meminerimus,
590 4017 614 4072 si
627 4016 706 4092 prius
719 4033 737 4072 a
750 4023 779 4070 te
792 4015 881 4071 erecti
894 4032 1063 4074 corruamus
1076 4017 1125 4074 de·
1136 4024 1176 4079 50

75 4105 161 4162 uum
191 4095 295 4173 Itaque
318 4103 510 4153 restauratam
530 4094 632 4152 cubem
653 4095 685 4150 in
705 4100 776 4151 tuto·
789 4093 952 4166 colloco,et
968 4096 1018 4172 qui
1031 4095 1127 4154 fausto

77 4176 159 4264 prius
172 4175 271 4232 omine
290 4191 354 4232 rem
374 4173 457 4246 nobis
476 4173 639 4239 restituisti,
652 4173 690 4246 sis
709 4190 789 4230 ¹nunc
801 4172 904 4230 similis
916 4174 969 4231 tui.
1009 4172 1088 4232 Nam
1101 4173 1127 4230 si
1334 4229 1341 4244 ,

50 4276 60 4291 =
78 4254 242 4337 perrexeris
261 4253 405 4324 dondmri
424 4253 492 4330 lruic
510 4251 586 4322 urbi,
600 4251 717 4329 plenam
736 4252 814 4328 viris,
828 4269 915 4332 quam
936 4247 1065 4337 melmin,
1079 4257 1172 4320 reric
1266 4299 1268 4304 .

119 4349 189 4394 vor..
211 4350 247 4396 ιι.
438 4351 442 4358 ·
526 4343 528 4354 ·
603 4349 624 4389 u
676 4357 677 4360 ¹
812 4345 818 4352 ’
1098 4351 1102 4364 ’
