2760 4824
270 315 334 380 ers
547 393 549 397 ⁸
643 305 978 378 rnrnoorarsa

269 485 391 554 socium,
406 484 456 562 qui
467 484 558 552 adest,
571 484 656 544 mitte
668 484 860 561 speculatum,
874 503 912 542 ue
924 485 955 542 in
968 501 1016 542 me
1030 481 1249 560 imprudentem
1268 480 1315 541 in-

164 577 168 580 ’
269 564 358 624 sidat.
395 563 512 641 Quippe
530 581 625 624 unum
642 581 690 622 me
703 563 987 640 metumientem,
1001 581 1088 643 quam
1100 569 1214 646 ceteros
1225 559 1314 622 Achi-

267 660 443 702 rosomnea
734 657 737 666 ⁴
1142 671 1143 674 ¹

307 719 454 779 NnoPr.
474 718 523 779 En
535 718 585 798 ille
598 719 686 788 vadit,
699 727 731 778 et
741 719 845 796 semita
857 719 1035 796 custodietur
1042 741 1052 790 ς
1071 727 1106 792 tu
1115 737 1196 789 vero,
1209 720 1235 780 si
1244 717 1315 798 quid

270 800 313 858 ris
325 799 412 874 ultra,
423 811 523 860 rursus
535 795 648 875 expedi.
746 797 748 804 ’
768 795 772 804 ’

213 883 258 939 50
289 875 427 938 ·ULYS.
447 877 565 936 Achillis
585 884 662 942 nate,
683 884 799 954 oportet
821 883 851 934 te
871 873 902 934 in
922 877 977 943 his,
991 895 1115 955 quorum
1135 877 1235 954 gratia
1253 877 1316 935 hue

272 958 383 1024 venisti,
392 962 545 1014 strenuum
559 974 619 1014 esse
632 973 692 1013 non
702 957 796 1014 solum
809 973 941 1030 corpore,
951 956 1000 1013 sed
1013 956 1115 1034 siquid
1125 973 1248 1024 novum,
1259 973 1315 1014 nec

270 1035 483 1096 euteauditum
495 1035 558 1102 tibi,
570 1033 679 1100 audias,
692 1035 857 1112 ministrare
869 1036 901 1094 in
912 1049 959 1101 eo,
972 1035 1018 1093 uti
1030 1037 1163 1094 minister
1175 1034 1254 1094 ades.

306 1113 456 1172 ‘Nuoeu
476 1113 555 1177 Quid
567 1109 754 1190 ergojubea?
917 1117 918 1122 ’

217 1193 256 1252 bb
309 1192 424 1252 ULYS.
444 1192 583 1252 Meditari
604 1201 634 1250 te
653 1198 769 1270 oportet
793 1189 846 1270 qui
867 1191 1037 1250 Philocteta
1062 1191 1194 1250 animum
1218 1189 1315 1249 uerbis

269 1271 352 1330 fallas
371 1271 506 1330 subdolis.
545 1271 672 1334 Quando
691 1278 722 1327 te
741 1271 866 1348 rogabit.
880 1273 943 1350 quis
962 1289 1003 1337 es,
1023 1277 1054 1328 et
1072 1269 1151 1327 unde
1171 1269 1251 1336 ades,
1264 1268 1315 1328 dio

150 1385 152 1390 ,
220 1351 221 1356 ’
270 1351 364 1408 filiurn
377 1356 406 1407 te
419 1369 480 1407 esse
492 1349 631 1408 Achillis:
653 1351 708 1406 hoc
721 1350 801 1406 enirn
813 1350 906 1406 celare
918 1347 996 1406 haud
1013 1367 1128 1406 necesse
1147 1358 1208 1428 est:
1232 1350 1314 1406 navi·

238 1441 239 1446 ’
269 1445 340 1506 gare
352 1437 451 1487 autern
464 1435 494 1485 te
505 1429 638 1496 dorrrum,
651 1427 765 1486 deserto
781 1429 875 1486 navali
886 1429 1063 1485 Achivorum
1081 1427 1225 1494 exercitu,
1239 1445 1314 1504 quos

216 1511 257 1566 60
270 1507 401 1583 impense
414 1507 518 1572 oderis,
533 1507 580 1584 qui
593 1514 745 1584 postquam
759 1514 787 1563 te
802 1507 980 1581 supplicibus
999 1505 1131 1582 precibus
1151 1507 1315 1564 aroemiris-

269 1593 336 1644 seut
355 1585 453 1652 dumo,
467 1587 534 1662 quia
553 1585 585 1644 in
604 1592 634 1642 te
654 1585 788 1644 uuosita
806 1585 873 1642 illis*
883 1602 946 1677 spes
959 1594 1033 1662 esset
1043 1585 1178 1666 capiendi
1190 1586 1250 1651 liii,
1264 1599 1314 1656 res

270 1665 365 1723 nienti
377 1663 476 1724 tamen
487 1655 565 1740 haud
577 1655 690 1742 dignati
702 1665 760 1722 sint
774 1657 826 1721 tibi
839 1660 959 1722 Achillis
971 1681 1053 1740 arma
1064 1657 1144 1738 dare.
1157 1683 1226 1742 quie
1241 1659 1314 1736 jure

216 1747 255 1806 65
271 1749 323 1801 tuo
343 1743 464 1818 peteres,
480 1739 573 1818 Ulyssi
585 1755 655 1818 vero
675 1739 846 1802 tradiderint
865 1761 899 1800 eu
907 1767 916 1812 3
934 1733 1081 1818 simulque
1100 1739 1133 1802 in
1145 1761 1192 1810 rue
1206 1737 1264 1810 dte,
1278 1751 1314 1800 ut

79 1851 83 1862 «
200 1849 202 1854 .
241 1813 247 1830 ”
270 1823 356 1888 voles,
371 1813 511 1904 quidquid
530 1819 629 1906 prebui
647 1827 678 1878 et
697 1817 842 1880 maledicti
862 1817 906 1877 es't
916 1845 924 1890 ς
945 1813 1000 1886 nec
1018 1809 1243 1902 estquo'dinde
1262 1841 1315 1893 rue

270 1900 428 1978 quidquam
441 1900 527 1958 laedas
534 1923 543 1970 3
565 1897 621 1958 is'ta
632 1917 701 1958 vero
714 1901 744 1956 'ni
757 1895 868 1970 feceris,
881 1897 996 1980 Achivis
1009 1895 1145 1980 omnibus
1165 1901 1314 1959 rerumnae

137 2002 146 2022 .
220 2037 222 2042 ,
268 1977 403 2038 conficies
415 1997 525 2056 graves.
545 1977 610 2036 Nisi
623 1979 702 2038 euim
714 1976 1062 2056 hujus'areusetssgittae
1074 1980 1238 2060 capientur.
1249 1997 1319 2040 non

215 2045 257 2124 io
267 2060 377 2137 poteris
390 2077 519 2136 uuquam
538 2075 704 2136 expugnare
724 2055 856 2118 Dardani
874 2057 985 2116 urbem.
1025 2053 1113 2118 Disce
1128 2051 1313 2136 *autemut

269 2137 341 2196 mihi
352 2137 470 2216 quidem
484 2153 545 2206 non
557 2135 652 2208 liceat,
664 2135 718 2193 tibi
728 2154 795 2194 vero
807 2135 899 2195 fassit
912 2131 1080 2216 tidenter‚'e„t
1093 2132 1158 2218 tuto
1170 2154 1241 2216 cum
1254 2135 1313 2210 hoe

267 2217 333 2274 uiro
343 2215 476 2294 colloqui.
496 2209 543 2274 Tu
553 2215 670 2292 quidem
683 2217 834 2292 navigasti,
845 2215 955 2292 tremi-ni
965 2211 1312 2297 ‘iuramentoobstrictua

226 2339 231 2368 3
268 2305 364 2374 neque
381 2312 418 2352 ex
437 2293 615 2360 necessitate,
634 2312 688 2354 nec
709 2297 811 2369 primae
832 2293 1022 2370 expeditionis
1042 2285 1185 2373 particeps
1206 2285 1313 2354 inisti:

213 2365 254 2437 ‘ib
270 2374 376 2440 horum
387 2380 486 2431 autem
495 2369 568 2430 nihil
576 2385 620 2430 est
629 2369 814 2436 infitiandum
825 2367 906 2448 milri.
926 2369 1033 2445 Quare,
1044 2375 1069 2436 si
1074 2367 1187 2454 potitus
1197 2390 1314 2442 arcum,

270 2463 318 2510 ure
331 2452 429 2526 ade's'se
441 2451 572 2517 serrserit,
615 2449 668 2524 rii,
681 2451 712 2508 e't‘
723 2453 754 2524 te
766 2443 854 2510 simul
867 2470 981 2512 meeum
995 2441 1125 2528 perdam.
1140 2503 1143 2520 ,
1164 2443 1317 2520 Quocirca

226 2579 227 2582 ,
268 2529 372 2590 callide
384 2527 565 2590 comminisci
577 2470 673 2597 Xeebes,
687 2527 738 2608 qui
749 2531 829 2588 furto
841 2527 955 2589 auferas
973 2523 1085 2606 invicta.
1099 2529 1189 2608 arma·
1232 2525 1316 2592 Novi

213 2591 255 2668 iio
269 2607 405 2687 equidem
424 2617 455 2668 te
473 2626 535 2684 nou
553 2626 614 2668 esse
633 2625 669 2666 eo
688 2607 808 2686 ingenio
827 2618 940 2675 uatum,
961 2618 996 2667 ut
1013 2605 1085 2672 feisa
1102 2601 1241 2689 loquaris,
1256 2620 1313 2670 aut

268 2683 338 2746 dolo
358 2695 453 2746 struas
473 2687 524 2746 alii
544 2687 664 2746 malum
701 2685 742 2746 At
761 2695 861 2748 tamen
877 2685 1011 2760 jucunda
1030 2706 1075 2746 res
1094 2698 1138 2764 est
1152 2685 1319 2750 victoriam.

196 2827 200 2842 q
263 2765 396 2846 adipisci.
422 2765 536 2844 papus:
555 2761 630 2840 justi
646 2765 722 2830 verit
735 2773 801 2842 post
820 2784 920 2846 rursus
938 2763 1058 2848 erimus.
1088 2761 1197 2847 *iunuc-
1209 2777 1311 2848 auteur

226 2909 229 2914 ,
247 2883 251 2887 -
267 2843 306 2904 ad
318 2843 404 2922 hujus
413 2845 475 2902 'disi
487 2851 599 2920 partem
611 2846 749 2922 exiguam
768 2839 806 2908 da
824 2846 854 2904 te
874 2837 947 2904 milri
966 2837 1186 2928 impudentem
1209 2853 1240 2904 et
1259 2839 1310 2906 de-

131 2955 134 2962 *
212 2917 251 2982 05
267 2921 336 2984 inde
347 2924 493 3002 reliquum
502 2919 620 3000 'tempus
632 2931 750 2988 vocator
762 2921 894 2986 omnium
907 2923 1101 2988 sanctissimus
1108 2917 1300 2988 mortalium..
1318 2983 1319 2986 ,

307 3001 452 3064 ΝΕΟΡΤ.
471 3001 540 3080 Ego
552 3021 631 3070 vero,
642 2999 759 3064 Inertis
772 3005 823 3067 iili.
837 3001 915 3064 dicta
926 3019 991 3086 quse
1007 2999 1076 3064 nnu'
1088 2991 1176 3062 audio
1193 3005 1308 3064 lubenti

267 3082 377 3148 animo,
395 3079 499 3148 eadem
518 3076 636 3160 exsequi
654 3075 734 3142 baud
754 3081 851 3142 minus
873 3083 931 3140 odi.
972 3069 1040 3140 Hoc
1057 3077 1141 3154 'eninr
1162 3101 1181 3142 a
1202 3087 1309 3144 natruu¹

266 3160 371 3228 habeo,
384 3166 418 3218 ut
431 3153 504 3218 nihil
516 3153 552 3230 de
564 3159 675 3236 insidiis
687 3163 784 3242 agam,
792 3161 893 3238 'neque
905 3177 971 3238 ego,
986 3177 1091 3238 neque,
1104 3165 1138 3222 ut
1151 3163 1246 3238 aiunt,
1258 3165 1315 3242 qui

113 3261 114 3264 ¹
209 3243 253 3301 90
267 3257 315 3298 me
333 3239 437 3316 genuit
457 3248 548 3316 pater.
588 3239 645 3301 Sed
734 3247 782 3301 tus
800 3237 867 3300 sum
880 3231 1185 3314 virumvi'sbducere.
1198 3249 1231 3300 et
1247 3259 1306 3302 uon

267 3317 351 3376 dolis.
389 3310 462 3384 Non
480 3319 561 3376 enirn
578 3315 628 3376 ille
648 3336 664 3376 c
693 3318 873 3379 udus'altero
885 3317 957 3396 pede
968 3313 1121 3380 uos'tanto
1133 3313 1305 3396 retentiones

180 3443 185 3456 ,
267 3397 295 3455 vi
306 3396 452 3466 devicerit.
470 3451 472 3456 ,
490 3395 598 3456 Missus
617 3395 752 3474 equidem
771 3404 869 3456 tecum
880 3405 915 3455 ut
928 3393 1055 3470 adjutor,¹
1068 3387 1162 3476 nolim
1175 3398 1305 3475 proditor

211 3475 251 3536 95
267 3475 371 3534 vocari.
396 3465 479 3534 Malo
490 3483 601 3543 autem,
613 3473 633 3536 ὂ
645 3487 707 3550 reu,
719 3471 842 3536 honesta
852 3471 986 3536 faciendo
994 3475 1049 3552 'spe
1061 3469 1204 3554 excidere,
1216 3496 1303 3556 quun

151 3568 153 3573 ’
222 3585 224 3589 -
266 3553 722 3632 tmpiiaetovotieompnsfieri.
827 3601 831 3606 ,
1090 3557 1133 3630 ,
1246 3561 1248 3568 ·
1279 3581 1280 3586 1

308 3631 422 3694 ULYS.
443 3631 470 3690 0
491 3633 666 3726 timipatris
685 3631 739 3700 fili,
751 3639 782 3692 et
794 3633 864 3709 ipse,
873 3627 988 3706 juvenis
1001 3629 1092 3710 quum¹
1111 3651 1205 3694 emero
1220 3629 1300 3700 otim.

31 3787 36 3796 ι
129 3699 131 3703 ’
232 3711 398 3788 ¹linguam
411 3710 460 3790 qui
481 3721 674 3780 emotrosanu
687 3727 808 3772 manum
821 3708 1300 3790 verobabebamadoperapron·

263 3793 365 3866 ptam:
387 3808 467 3868 nuuc
479 3797 588 3858 autem,
601 3791 633 3848 re
645 3789 795 3868 perspecta
806 3795 837 3848 et
856 3779 1110 3866 explorata'video
1128 3787 1209 3852 inter
1226 3805 1299 3854 nror·

265 3868 339 3926 tales
351 3869 483 3946 linguam
495 3887 566 3936 esse,
578 3887 640 3928 nou
652 3887 749 3946 opera,
763 3887 829 3948 qua
842 3865 941 3928 omnia
948 3865 1105 3946 gubernet.

187 3948 262 4012 ,100
298 3946 450 4010 ›NEOP'R
469 3941 653 4086 Quffifitur
663 3947 743 4006 aliud
754 3966 801 4008 me
810 3939 907 4020 jubes,
917 3953 1008 4028 quam
1020 3941 1162 4009 mentiri?
1208 3979 1209 3984 1

306 4019 422 4086 ULYS·
442 4023 501 4085 Aio
579 4036 694 4085 octeten
706 4025 774 4085 dolo
786 4025 843 4085 tibi
852 4025 1028 4104 capiundum
1040 4045 1110 4086 esse.

236 4165 239 4169 ,
339 4105 451 4182 EOPT.
471 4107 533 4182 Cur
545 4105 613 4172 dolo
624 4106 731 4184 potius.
746 4123 833 4185 quam
846 4104 1046 4186 persuadendo
1057 4093 1220 4171 abducam?

361 4183 419 4252 YS.
433 4175 530 4260 ¹Haud
541 4183 776 4261 persuadebitur:
798 4183 937 4248 riautem
948 4202 1051 4262 capere
1065 4188 1198 4266 nequeas.
1230 4193 1232 4210 '

303 4259 450 4324 Noctu.
468 4261 561 4322 Fatue
572 4261 617 4322 illi
630 4269 757 4332 tantum,
770 4279 829 4342 quo
841 4255 978 4330 confidat,
991 4264 1100 4326 robur?

188 4338 249 4400 'sos
303 4335 421 4408 unis.
441 4331 617 4406 susurre
627 4337 1005 4424 sagittareumfereutes.
